2024 3292
115 188 167 247 ΞΜ
299 187 343 239 1v.
361 184 496 249 lichenes,
515 185 540 238 1.
556 183 770 254 pyrenocymutii.

117 324 236 393 antiquas
278 323 367 384 assim3
393 341 418 390 y.
444 321 477 372 ad
500 321 603 371 easdem
628 320 735 372 arbores
760 336 835 390 pone
855 320 969 373 radicem

116 395 207 444 rarius.
249 342 354 459 (i'afios
380 391 459 441 subiit
480 391 507 438 in
531 398 673 457 systemate
698 406 772 439 cesus
791 389 871 457 stirps
896 407 969 441 ame

118 462 214 513 dudum
231 463 279 525 jam
296 461 329 509 ad
345 459 469 509 trutinam
487 467 579 507 vocata
595 454 778 524 lichenu'mque
791 457 868 508 classi
881 458 970 509 reddi·

117 539 152 591 ta,
171 547 236 596 (puae
253 545 336 595 neque
354 526 513 592 Calyciorum
537 524 610 575 initis
626 542 713 592 neque
733 526 876 591 fungorum
889 527 971 578 fabri-

119 614 174 648 ram
197 596 354 655 aemulatur,
380 603 410 643 ut
428 594 490 643 olim
515 603 634 643 auctores
652 592 768 643 naturae
786 594 973 662 imposuerunt.

118 664 262 715 Athenium
285 662 362 712 fibras
387 661 491 712 corticis
514 662 540 711 in
564 669 680 711 monstro
699 656 793 729 supro
811 660 972 723 blastemate,

116 732 191 781 initia
208 731 343 799 periblast.
362 729 465 796 acolyto
490 729 517 779 in
541 736 688 780 soreumata
705 729 908 796 mesogouimica
931 731 974 783 fe*-

117 800 238 850 tiscentia
259 816 307 866 pro
331 797 447 865 cymatiis
469 796 591 846 habuisse
615 797 702 865 palam
726 807 775 859 est,
808 798 925 866 quamvis
942 797 974 850 ad

117 867 286 918 Thrombium
303 876 420 917 nostrum
437 864 567 944 pertineat
594 862 887 937 mesogonidiorumquo
909 883 972 939 pro·

116 935 234 985 insorum
251 936 340 986 colore
357 933 484 1002 peculiari
501 932 664 1001 praecellat.)

168 1035 210 1100 Η·
226 1036 382 1088 blustemnte
399 1034 606 1099 honweomesica

204 1123 218 1149 *
235 1120 381 1173 dermatius
398 1137 420 1174 s.
438 1121 548 1174 coccode
562 1120 664 1172 demum
680 1118 834 1188 diffluente.

167 1223 226 1273 ’(31.
247 1223 319 1273 Tar.
337 1223 541 1274 incrustant
559 1222 968 1287 ns.‚b1astematehomoeoms-

114 1292 170 1342 rico
179 1291 247 1341 laevi
255 1290 397 1340 dennotiuo
408 1292 529 1357 contiguo
536 1292 618 1342 effuso
626 1292 720 1343 cubilia
728 1290 877 1360 aequaliter
883 1294 967 1345 tenui·

115 1370 208 1426 terque
224 1357 371 1408 obducente
388 1361 590 1425 aeneo-virente,
608 1361 677 1411 sicco
690 1358 908 1428 melenopbneno‚
925 1378 968 1431 cy·

114 1426 200 1476 matiis
218 1424 381 1475 semiimcrsis
398 1427 477 1492 nigris
494 1427 679 1489 minutissimis,
706 1428 787 1480 foetis
805 1426 967 1497 hemisphae-

113 1494 174 1544 rieis
195 1493 305 1544 umbone
319 1494 429 1561 primum
443 1494 568 1563 papillato
582 1496 641 1546 dein
654 1512 719 1563 poro
744 1494 870 1547 nucleum
886 1495 969 1546 album

115 1562 229 1612 stillante
245 1569 353 1641 pertuso
367 1561 527 1631 prominulis‚
546 1562 647 1615 effoetis
664 1562 967 1633 umbilicus-depressis.

115 1657 150 1668 -·
170 1629 231 1682 Τὴν.
247 1637 397 1682 snorustuas
418 1632 512 1682 Wallr.
530 1630 558 1681 in
575 1631 617 1686 lit.

163 1716 203 1767 Ad
218 1724 316 1765 terram
332 1716 447 1766 limosam
463 1716 558 1764 nudam
570 1732 724 1783 pascuorum
736 1714 895 1784 irriguorum
911 1716 966 1770 edi·

112 1786 210 1836 tiorum
236 1785 365 1849 Thuringt
387 1803 427 1851 pr.
451 1784 607 1848 Heringam,
630 1784 658 1833 in
680 1784 744 1835 Thr.
770 1785 966 1838 corniculatim

111 1854 276 1923 Baeomyceti
311 1853 466 1904 ericetorum
508 1852 649 1903 consortio.
697 1852 815 1933 (Species
846 1854 967 1905 distincta

113 1926 226 1988 quamvis
243 1923 342 1985 abjecta
360 1930 386 1970 et
404 1918 525 1986 cymatiis*
537 1919 581 1968 vix
597 1920 649 1970 nisi
665 1918 743 1971 lentus
756 1921 900 1983 epatium
917 1938 965 1993 ope

113 1989 294 2054 dignoscendis
311 1991 457 2053 instructa.)

72 2107 76 2119 ·
162 2090 223 2140 132.
244 2090 318 2140 Thr.
336 2088 525 2141 volutinam
546 2088 597 2149 W„
625 2087 963 2153 blastematehomoeome·

110 2158 165 2207 rIco
183 2173 215 2205 ex
231 2157 345 2206 verrucis
362 2158 537 2207 minutissimis
554 2156 718 2223 subglobosis
734 2159 882 2226 composito
900 2176 961 2211 cru·

111 2234 177 2274 stam
193 2232 297 2273 tenuem
322 2224 429 2274 viridem
451 2225 553 2276 demum
578 2224 808 2292 melanophaenam
832 2227 961 2279 mentien-

108 2291 188 2351 tibus,
207 2290 323 2356 cymatiis
340 2292 472 2341 sessilibus
498 2293 576 2359 nigris
601 2292 727 2355 nitidulis,
744 2293 824 2345 foetis
849 2295 961 2361 globosis

110 2356 393 2474 conoideo-papillatis,
406 2359 508 2409 effoetis
523 2361 609 2411 vacuis
622 2359 760 2428 depressis.
800 2361 961 2415 Verrncert'u

108 2426 227 2477 celatim
244 2426 282 2475 Ac
302 2460 309 2473 .
327 2442 380 2491 syn.
400 2426 440 2475 Π.
458 2427 562 2477 hloerls.
579 2428 613 2478 D.
630 2428 704 2478 List.
719 2445 763 2480 na.
777 2429 836 2481 129.
854 2430 960 2498 Sphae-

105 2494 150 2546 ria
165 2492 285 2545 relatiua
301 2492 398 2544 Beroia.
414 2493 442 2544 ia
460 2494 550 2545 Roem.
569 2495 647 2546 Arcb.
666 2494 718 2551 er
734 2498 777 2547 ll.
794 2502 817 2547 t.
835 2499 896 2562 l.s.
915 2498 942 2551 3.

149 2578 197 2636 'lid
208 2586 308 2629 terram
323 2578 417 2628 undam
425 2578 544 2632 limosam
556 2566 682 2646 Tliuring.
697 2579 819 2646 (Beroia,
826 2581 961 2649 nauh).

156 2680 215 2732 Ι133.
236 2681 310 2732 Tar.
328 2680 487 2749 epigonus
507 2681 723 2743 W.‚blastemate
736 2680 954 2745 homoeomerian,

96 2750 214 2823 primum
232 2749 345 2800 coccode
362 2767 393 2800 ex
417 2748 530 2815 granulis
556 2749 731 2799 minutissimis
755 2750 874 2815 globosis
896 2751 955 2803 laxe

88 2821 297 2876 cohaerentibus
315 2818 454 2895 pellucidis
466 2817 538 2870 ibris
549 2816 658 2885 byssinis
673 2817 872 2869 cohaerentibus
885 2819 954 2870 laete

76 2894 233 2954 n'rentibus
251 2896 319 2956 dein
335 2895 364 2952 iu
382 2908 499 2951 massam
515 2885 813 2952 mustaceo-contum
824 2887 953 2957 'ww'
