2024 3292
111 132 163 182 XII
468 121 605 184 Praelatio.

112 267 277 351 eluendis,
302 258 359 331 'in'
371 269 544 355 generibus
566 269 735 334 exarandis
758 271 859 356 inque
881 293 958 358 spe-

111 355 221 419 ciebus
236 353 449 419 dilucidandis
461 356 696 440 praestiterim,
719 359 843 439 summi
856 358 960 421 scien-

79 436 176 504 ¹'tiae'
202 439 369 526 magistri,
405 439 462 525 qui
489 450 563 503 tum
593 441 788 527 supellectili
816 442 961 507 literaria

109 539 184 590 tum
211 525 366 619 stirpium
395 547 502 611 nuper
530 525 717 591 additarum
746 525 870 618 divitiis
899 550 987 593 su·-

109 612 278 700 pcrbiunt5
305 620 479 697 agnoscant
500 632 617 697 meque
641 623 832 699 compotem
853 611 962 679 facere

71 694 227 778 'avelina-
253 704 293 779 ut
314 714 441 762 errores
464 697 525 760 sub
548 697 698 784 auspiciis
720 698 860 762 sinistris
884 721 962 762 am·

110 785 190 847 nino
212 784 407 863 commissos
430 783 595 866 corrigere
617 804 848 868 novarumque
877 806 961 870 pro-

110 879 247 934 ventum
269 870 361 934 avide
383 877 611 954 exspectatum
632 868 671 930 a‘d
693 867 873 932 voluminis
886 891 976 956 .po-,

111 953 268 1018 ste'rioris'
281 953 401 1018 calcem
423 952 541 1017 addere
559 952 626 1018 sive
644 952 708 1016 alio
724 965 875 1041 tempore
892 955 960 1019 suis

109 1040 190 1104 locis
213 1040 356 1103 inserere
377 1036 515 1127 possim.
746 1054 749 1063 “
943 1058 947 1067 ·
997 1101 1000 1105 ,

156 1138 161 1151 ’
175 1123 228 1188 Ex
241 1121 343 1188 ‘clavi
354 1118 533 1210 praemissa
555 1125 742 1212 systematis
755 1135 786 1189 ct
800 1146 961 1210 generum

110 1208 333 1296 quorumdam
353 1207 557 1294 ampliorum
580 1208 700 1274 schesis
722 1209 891 1298 analytica,
917 1233 985 1277 ex.

108 1295 215 1360 indice
236 1295 364 1362 adnexo
378 1293 509 1381 'species
531 1294 620 1383 ipsae
642 1306 675 1360 et
696 1317 883 1383 synonyma
900 1297 961 1362 ad·

107 1383 299 1449 discuntura
324 1392 346 1411 “
405 1396 481 1463 ’μ
518 1438 520 1443 .
610 1389 615 1397 “
883 1399 899 1435 ÷=
925 1399 949 1462 ¹,
1003 1384 1006 1389 ’

172 1465 210 1530 In
241 1466 329 1532 votis*
354 1465 496 1554 denique
523 1477 587 1550 est,
612 1478 662 1533 ut
690 1467 807 1554 primis
837 1464 889 1530 his
920 1467 961 1532 ad

107 1551 245 1618 Floram·
263 1553 458 1619 Germaniae
485 1554 782 1651 cryptogamicam,
812 1551 877 1616 alio
905 1552 960 1616 die

32 1672 36 1679 ,
108 1661 162 1703 ma
187 1637 218 1701 is
240 1637 517 1726 amplificandam,
536 1639 635 1702 lineis
657 1662 675 1702 a
697 1661 752 1703 me
774 1638 860 1725 haud
890 1637 961 1725 sine

108 1658 302 1790 diflicultate
329 1725 452 1809 (luctis²
474 1724 731 1811 {vegetabilium
763 1744 961 1810 agamorum

104 1809 268 1899 studium,-
297 1810 455 1897 sine-quo
477 1808 721 1874 rai··herbariae
743 1808 888 1895 cognitio
909 1808 960 1874 ri·
991 1835 997 1889 g

107 1910 201 1962 mosa¹
221 1896 358 1964 omnino
390 1906 443 1960 est
478 1916 522 1959 ac·
535 1892 643 1958 futilis
671 1905 828 2040 augeatur
856 1903 960 1979 utque

106 1980 315 2066 botanophili
334 1981 423 2045 illius
447 1976 575 2064 opend'
590 1977 649 2045 has
662 1977 712 2043 Ch
727 1978 830 2043 oridis
843 2000 959 2042 amne

106 2065 222 2129 nitates
253 2063 470 2126 ostentatione
497 2061 609 2147 minus
638 2080 737 2144 quam
768 2064 894 2153 ordinis
925 2076 960 2128 et

106 2147 232 2235 figurae
253 2145 586 2231 concentu-miraque
613 2146 792 2211 constantia
818 2147 961 2213 inclare-

106 2243 229 2299 scentes
243 2229 494 2314 invcstigandas,
507 2241 541 2294 et
567 2229 826 2318 interpretandas
856 2234 960 2298 auda-

108 2320 177 2382 cius
205 2325 309 2382 semet
342 2315 506 2400 accingant
533 2315 633 2403 inque
659 2316 725 2382 illis
756 2316 959 2385 oblectandis

108 2410 220 2492 sapere
241 2420 375 2467 mecum
395 2399 485 2467 haud
507 2398 670 2467 desinant!
691 2424 695 2431 ’

170 2487 224 2556 Ex
235 2485 354 2556 Museo
365 2485 672 2566 meoNorthusano‚
688 2488 786 2558 Mart.
795 2495 847 2560 18.
861 2495 956 2560 1881.

508 2658 566 2730 Fr.
599 2657 823 2726 Wallroth.
