2024 3292
443 171 564 240 Grapbis.
881 172 935 227 327

78 320 118 374 tu,
138 324 164 362 u.
185 324 218 370 c,
237 306 312 359 Aah.
331 307 475 370 ustroidem
496 307 542 358 Gr.
561 306 702 373 depressa,
728 306 774 359 Gr.
798 308 935 361 microsco·

74 379 141 447 pica
158 378 268 444 ipsaque
288 376 335 427 Gr.
354 376 483 443 litbprga)
508 374 600 426 finibus
623 375 714 442 amplis
738 386 827 443 patens
852 387 879 426 et
904 396 936 428 ex

80 465 97 498 e
116 443 251 499 ideranidis
268 444 372 495 ratione
394 444 555 510 gonidiisqua
580 443 619 492 illi
645 443 748 493 omuino
771 445 896 509 subjectis
914 464 934 496 a.

79 466 154 565 iliam
192 512 393 563 mulcentibus
410 512 452 562 vel
469 513 574 580 penitus
591 511 804 576 obliterantibus,
832 523 936 581 praeter

81 600 138 634 var.
155 531 191 632 ab
208 580 319 649 cymatia
334 581 460 640 laudatas,
480 580 559 630 etiam
576 579 666 630 habitu
683 588 791 630 externo
808 582 872 630 satis
887 599 938 661 po-

81 648 220 719 lymorpba
238 661 264 700 et
282 658 358 700 caute
376 648 407 698 ab
433 649 490 698 aliis
513 648 598 698 forma
621 647 792 715 cymatiorum
815 658 939 699 teretuus·

82 718 144 771 cula
168 734 311 785 eorumque
335 717 420 767 nitore
453 714 641 782 distinguenda.
682 716 798 767 Tenuem
821 717 940 768 nimirum

83 796 113 837 et
129 784 262 854 hyalinam
278 783 462 854 epidermidem
474 785 641 852 Populorum,
657 801 682 833 v.
697 800 720 832 c.
732 784 898 835 Fraxiuoruni
914 797 941 835 et

82 854 224 915 Tiburna,
250 869 299 921 pro
324 853 393 903 varia
419 851 582 919 gonidiorum
603 849 742 969 pelliculae
767 852 940 915 subjectorum

84 922 160 991 copia
176 936 246 971 nunc
270 920 378 972 maculis
401 919 579 970 determinatis
614 919 693 970 acteis
720 921 865 988 aequaliter
892 938 940 971 ex-

82 990 172 1060 pansis
189 1006 210 1039 s.
222 1005 256 1039 ex
273 1006 362 1041 eorum
379 988 499 1039 ubertate
517 987 674 1039 tumentibus
688 988 735 1055 (0.
747 988 829 1059 gibba
847 988 939 1056 Cbeu.)

83 1059 171 1125 signat
190 1065 218 1108 et
242 1074 301 1107 cum
328 1057 443 1125 cymatiis
471 1072 586 1119 numero,
610 1054 691 1122 figura
717 1066 746 1108 et
770 1056 941 1126 dispositione
970 1101 976 1111 .

83 1125 163 1177 variis
193 1124 321 1194 picturam
349 1125 432 1176 veluti
462 1125 626 1175 reticulatam
657 1134 844 1194 repraesentat.
889 1124 940 1176 Alii

85 1194 198 1246 comicas
217 1211 231 1244 e
250 1194 376 1245 idermide
393 1192 525 1245 tenaciore
542 1194 615 1255 tecti,
633 1194 758 1260 Fagorum
777 1211 801 1249 v.
819 1211 852 1257 c.,
875 1194 940 1244 Car·

101 1262 213 1325 inomni,
230 1212 383 1324 imnorum,
398 1261 690 1325 Pseudo-Platauorum,
704 1261 844 1314 sorborum
860 1278 941 1329 gran-

116 1346 230 1393 evarum,
247 1324 407 1381 blastematis
425 1329 520 1379 indicia
544 1322 662 1381 obsoleta
685 1329 762 1380 modo
787 1330 869 1380 edunt
892 1347 938 1397 cy·

82 1398 225 1465 mutiisque
241 1397 383 1464 majoribus
402 1406 429 1448 et
447 1396 605 1466 planioribus
633 1396 817 1467 epidermidem
843 1398 939 1449 nudam

85 1467 159 1535 quasi
178 1465 366 1534 occupantibus
415 1464 551 1517 aecellunt.
588 1464 656 1516 Alias
679 1467 833 1517 mutationes
859 1483 939 1534 pere-
988 1514 1001 1529 μ

82 1534 241 1603 griuumque
258 1533 338 1586 veluti
355 1533 387 1584 bb
406 1534 470 1585 itum
487 1534 590 1600 gonidia
608 1534 792 1602 epidermidem
802 1533 939 1599 tingendo,

82 1600 271 1721 per-mulcentia
290 1611 316 1651 et
332 1602 489 1670 permeantia
506 1601 633 1652 inducunt
656 1600 895 1679 (aamgouimicoa)
913 1609 940 1649 et

94 1670 185 1738 usibus
204 1668 414 1738 chlorophacnis,
432 1669 605 1737 spilophacnis
626 1676 653 1718 et
676 1668 809 1734 gommrcis
833 1669 939 1735 opidor-

82 1737 181 1788 midam
199 1738 407 1801 obliterantibus,
424 1737 623 1788 versicoloribus
639 1735 791 1786 varietatum
807 1752 940 1786 numerum

82 1805 122 1856 ita
136 1818 233 1872 augent
243 1805 410 1874 etcopulant,
426 1816 456 1857 ut
467 1822 544 1872 aegro
557 1815 773 1870 recognoscantur
782 1803 823 1853 vel
836 1803 939 1868 aegrius

85 1873 289 1940 describuntur.)

278 1962 291 1985 .,
577 1968 580 1973 ,

138 1992 200 2044 ¹181.
226 1992 280 2042 Gr.
303 1993 455 2060 vulgata
481 1991 539 2052 W,
565 1988 718 2041 blastemate
741 1984 940 2055 hypophloeode

86 2060 311 2129 chrysogonimico
331 2061 391 2110 dein
418 2076 517 2110 emerso
542 2067 704 2124 crustamque
726 2056 939 2105 membranaceo-

86 2127 279 2193 cartilaginem
297 2128 474 2195 subleprosam
491 2127 614 2176 rimosam
632 2124 732 2175 nonnisi
746 2123 939 2175 crassiusculam

87 2196 149 2247 albo
169 2196 297 2246 cinereum
314 2214 334 2244 s.
353 2194 465 2261 gonidiis
481 2194 617 2244 transfusis
637 2192 775 2243 olivaceam
793 2193 939 2261 contiguam

85 2263 281 2325 mentientibus,
309 2263 426 2330 cymatiis
444 2260 574 2324 sessilibus
593 2260 870 2327 angusto-linearibus
888 2262 938 2313 ile-

82 2332 174 2383 xuosis
201 2332 324 2383 confertis
348 2331 435 2381 nitidis
458 2331 575 2398 margin'e
596 2329 670 2380 tenui
691 2329 938 2398 speiremadochium

78 2400 250 2465 rimaei'orme
268 2399 519 2452 suboccultantibus.

139 2502 165 2534 a.
181 2485 321 2553 gouimica,
338 2485 447 2553 gonidiis
465 2484 599 2539 mansiusis
618 2476 801 2553 epidermidem
818 2482 937 2551 stipanti-

85 2553 136 2602 bus
156 2552 334 2621 blastemaque
354 2553 505 2620 contiguum
523 2554 666 2604 olivaceum
681 2551 872 2613 mentientibus,
892 2568 937 2617 cy·

84 2620 174 2671 matiis
193 2622 379 2672 teretiuscuiis.
395 2649 430 2659 -
449 2622 479 2672 0.
502 2620 696 2671 Wuilrothiana
713 2618 815 2669 maara.
830 2618 860 2677 in
880 2618 920 2670 tir.

139 2727 165 2786 β.
182 2723 387 2788 periblustctico,
406 2723 441 2772 bl.
455 2719 939 2789 sublcprosocrassiusculoalbo-cine-

82 2800 216 2842 nascente.
235 2791 265 2842 0.
283 2794 396 2860 vulgata
414 2791 478 2841 Aca.
496 2790 555 2841 licia.
576 2790 642 2850 155„
661 2805 714 2854 spu.
733 2789 775 2838 73.
802 2789 914 2838 ii'abieo
933 2822 939 2833 .

84 2876 159 2914 suec.
174 2855 838 2926 11.86⁰.Mart.artmanrugosusbauec.teste
851 2854 938 2908 Wabt.
