2024 3292
30 222 32 227 Δ
115 156 174 206 vul
454 153 590 225 Praefatio.

118 293 319 358 succinctum
340 311 379 356 ve
402 293 572 358 etabilium
600 303 792 381 agamcrum
821 310 959 383 quanto-

118 381 186 444 cius
209 378 339 442 ederem
362 313 533 444 elenchum
556 382 835 468 corollariumque
856 396 965 448 necte-

118 484 189 529 rem
205 474 277 526 tum
293 456 385 550 o'peri
400 475 475 545 tum
489 465 785 552 botanophilorum
805 468 965 533 desiderio
1007 532 1010 537 .

119 569 223 633 aequo
258 550 480 613 commodum.
557 551 653 621 Votis
683 552 883 637 dignissimis
914 553 967 617 his
1008 574 1010 579 ·

119 654 350 720 summamque
379 635 479 699 simul
512 632 691 701 utilitatem
725 639 966 724 spondentibus
1008 656 1010 663 ·

117 723 349 806 cirminspecte
361 721 518 808 reputatis
529 722 755 809 pensitataque
770 724 894 788 virium
911 722 965 788 fa·

118 804 468 892 cultateetplantamm
506 828 544 870 ro
570 807 738 873 rioMarte
752 807 966 873 collectarum

116 892 222 978 copia,
246 892 289 957 ob
311 828 523 977 supellectilis
543 830 706 956 literariae
731 894 834 979 magis
863 915 965 979 quam

117 976 359 1041 exercitationis
381 975 525 1039 diutinae
547 976 695 1062 inopiam
723 977 789 1041 diu'
811 976 964 1064 profecto

87 1124 89 1129 ⁴
115 1062 205 1126 hacsi
228 1062 409 1145 omnesque
430 1060 600 1149 cunctanti·
616 1062 725 1123 auimo
748 1061 867 1146 digessi
897 1062 967 1127 dif-

115 1145 286 1225 ficultates,
309 1145 412 1210 donec
434 1145 576 1235 arduum
597 1145 630 1210 id
655 1144 808 1231 aleaequc
822 1148 965 1234 plenum

114 1230 288 1317 negotium
310 1230 518 1317 susceperim.
827 1252 830 1257 ’

179 1316 218 1380 In
233 1326 378 1400 utraque
398 1308 598 1402 plantarum,
622 1331 695 1382 turn
712 1338 796 1403 sexu
818 1328 893 1383 tum
911 1317 966 1384 fa-

113 1402 203 1468 brica
220 1402 353 1465 interna
373 1401 461 1466 inter
487 1412 523 1465 se
549 1401 638 1468 haud
664 1404 966 1469 mediocriter'ab-

114 1487 296 1554 errantium
318 1487 565 1553 enumeratione
588 1488 870 1567 accommodanda,
905 1510 966 1553 01·-

114 1573 185 1638 dini
207 1574 392 1659 systematis
412 1572 591 1637 Linnaea'ni
621 1573 722 1637 semel
752 1584 884 1659 recepto
905 1596 965 1638 -sa-
983 1582 989 1595 ¹

113 1655 314 1738 tisfacturus,
337 1654 407 1743 ejus
429 1656 565 1723 classem
587 1657 720 1722 XXIV
742 1681 766 1722 s.
790 1659 967 1745 Crypto-

114 1743 314 1829 gamiam,
337 1764 381 1807 ex
402 1763 467 1828 qua
489 1745 655 1808 Dianoeas
675 1743 808 1808 ordines
822 1745 853 1826 4,
877 1745 967 1808 tht-

113 1833 276 1894 donamus
300 1831 352 1906 15,
379 1830 523 1893 Diutius·
544 1828 895 1917 (Cryptophytorum)
925 1834 967 1895 16

112 1925 306 1995 statuerunt,
336 1916 482 1978 nominis
503 1912 640 1998 hujusce
663 1924 697 1978 et
717 1914 863 1977 notionis
884 1934 966 1999 par-

112 2013 220 2067 taesus
241 2024 278 2087 ea
299 2000 515 2085 potissimum
536 2010 649 2061 mente
665 2000 699 2060 in
721 1994 833 2083 operis
846 1997 964 2065 limine

113 2070 303 2171 plaeposui,
326 2091 365 2143 ut
386 2079 539 2143 classium
560 2078 823 2147 Linuaeanarum'
841 2102 964 2148 nume-

114 2190 191 2233 rum
213 2168 248 2229 iu
271 2163 478 2315 compendio
501 2165 574 2252 ipso
596 2178 829 2255 praenotatum
856 2166 965 2232 veluti

115 2251 308 2349 supplerem
381 2271 550 2336 essemque
582 2251 865 2340 cryptogainioam
897 2274 964 2350 pro

114 2349 257 2401 sectione
276 2336 371 2421 regni
393 2337 581 2420 vegetabilis
603 2339 715 2419 altera,
739 2348 755 2400 a
792 2359 894 2419 ama,
928 2360 965 2403 m

114 2422 192 2489 alias
226 2419 347 2499 classes
375 2421 483 2485 denuo
516 2432 549 2493 et
586 2423 719 2488 ordines
754 2360 966 2508 ‹lispescend'a

115 2508 331 2595 agnoscerem.
376 2505 499 2571 Classes
515 2508 559 2571 ita
574 2508 713 2593 digestae
730 2507 966 2655 imlposuerunt

115 2592 226 2672 simul,
249 2603 287 2656 ut
299 2594 446 2657 Lt‘uuuee
458 2604 652 2680 praeeunte,
674 2613 768 2678 aper
786 2593 962 2658 actionibus

114 2680 155 2743 ad
175 2677 285 2743 nunus
309 2675 484 2767 perfectas,
520 2701 538 2742 a
570 2677 595 2741 F
601 2678 779 2742 ilicibus
808 2701 962 2765 prorsus,

116 2766 282 2839 Scanatus,
324 2764 533 2828 Willdanewia‘
564 2774 597 2827 et
627 2767 815 2846 Kaulsussia'
850 2764 961 2828 studio

115 2849 372 2945 exquisitissimo
393 2849 575 2915 retractatis
598 2849 637 2914 ad
666 2847 960 2939 Lichenastra,
