2024 3292
317 186 438 256 cuphis,
467 188 495 237 a.
513 185 688 239 casinatis.
871 183 923 242 ssa

70 326 199 393 utrinque
210 322 392 391 leioplaciuum
404 324 510 385 nudum,
525 342 605 393 supra
616 324 826 377 aeneo-vicenus.
836 328 924 383 lusco-

70 394 240 461 fuligineum,
268 393 358 442 subtus
381 393 518 442 saturatius
540 395 653 443 tinctum
676 392 735 443 dein
751 399 923 466 cymatopho-

69 478 150 525 rum,
175 460 343 529 morphoseos
365 460 465 526 legibus
486 478 535 528 par
550 469 607 523 est,
639 469 744 529 praeter
762 463 824 515 alias
851 468 923 519 colo-

69 548 132 584 rum
139 528 336 596 etligarationis
341 528 517 591 alienationes,
528 546 576 596 pro
583 528 653 579 varia
661 529 817 595 singulorum
824 540 925 587 strato·

72 616 135 650 rum
151 597 271 649 musitio
288 596 392 663 (11.11.
410 597 478 661 195.)
490 612 629 665 eorumque
641 596 834 651 connubiosuis
850 612 926 671 patet

72 665 272 729 mutationibus,
295 665 334 717 ita
350 666 407 716 fere
423 671 453 715 ut
472 668 501 732 1)
518 674 629 716 stratum
647 664 851 733 epiblusteticum
868 680 926 725 ten-

73 750 134 787 sum
156 750 189 785 ac
209 732 393 801 leioplacinum
414 734 441 783 in
458 749 516 784 car.
534 751 561 783 u.
577 735 709 785 cosseolore
731 750 800 787 nunc
822 740 926 806 saepius

73 801 104 853 in
121 802 210 855 cocciu
226 819 247 851 s.
266 810 423 853 steatomata
440 800 485 864 (Ν.
504 801 525 851 1.
542 801 616 869 ott.)
629 800 671 853 vel
682 801 711 852 in
722 802 926 863 unablastemata

89 869 256 936 1111584.)
279 878 438 931 succrescat,
463 884 532 921 nunc
556 886 660 937 quoqne
683 869 927 939 semi-dispansam

89 936 126 991 N.
142 937 180 991 lt.
197 938 255 993 tta.
275 938 346 1005 118.)
364 937 457 987 faciem
478 936 794 1007 intercepto-papalem
816 941 923 1005 offeraq

117 1014 233 1059 -stsamu
249 1003 485 1074 hypoblastcticum
508 1005 542 1057 ad
565 1021 716 1073 compagem
742 1009 925 1075 compactilsm

118 1082 218 1127 taceam
225 1074 413 1129 informandam
428 1072 456 1122 in
472 1088 529 1124 cur.
546 1076 573 1139 β.
590 1072 725 1139 discolore,
741 1074 835 1127 faciem
850 1074 925 1131 incu-

71 1158 131 1193 m
148 1142 194 1209 (Ν.
213 1142 236 1193 1.
260 1142 317 1211 81.)
342 1140 391 1193 nub
413 1139 528 1209 pulveris
552 1140 712 1206 detergibilis
734 1141 925 1215 nigro-inqui.

71 1211 164 1261 nautis
179 1210 265 1279 specie
280 1209 380 1272 induat,
396 1207 438 1260 vel
456 1225 559 1327 qqoque
574 1208 758 1276 leioplacinutn
779 1210 842 1264 binc
863 1214 927 1268 inde

71 1284 105 1329 et
119 1294 169 1348 pes
183 1281 268 1348 spatia
285 1280 317 1331 ab
333 1278 380 1329 illo
398 1293 457 1327 sece
490 1284 503 1327 t
521 1279 569 1346 (N.
586 1278 623 1331 11.
640 1279 710 1347 178.)
729 1287 757 1329 ct
780 1280 807 1331 in
821 1296 879 1335 cer.
898 1284 925 1343 θ.

71 1343 204 1417 dispas!
218 1345 275 1399 sive
285 1347 314 1399 in
331 1343 470 1397 reticulum
485 1346 634 1399 tendineum
651 1346 699 1412 (Ν.
715 1347 753 1399 ll.
769 1349 923 1417 183.)s01u-

70 1412 267 1493 tumdssiacat,
283 1414 339 1467 sive
356 1410 473 1494 plexibus
490 1414 575 1496 ruptis
591 1413 745 1495 pytbmen'es
762 1433 923 1488 compressos

70 1482 923 1613 aasaasnffiaasata‘tutta

71 1618 122 1670 bus
142 1628 170 1670 et
187 1620 236 1673 Gr.
254 1619 363 1671 crinitae
374 1621 473 1669 formae
485 1617 655 1686 homonymae
668 1620 844 1671 communibus
857 1623 923 1675 scite

71 1686 266 1754 dignoscendos
283 1687 429 1749 mentiatur,
459 1685 500 1737 vel
517 1687 629 1754 denique
652 1687 678 1736 iu
695 1704 753 1741 vcr-
772 1707 791 1739 ε.
809 1690 924 1745 cribroao

73 1755 236 1807 continuitas
259 1756 395 1823 utriusque
419 1754 494 1806 strati
518 1755 689 1823 compaginati
713 1755 785 1815 rimis
807 1756 923 1808 ovalibus

72 1823 248 1903 oblongisque
271 1824 442 1893 pertundetur
466 1831 493 1873 et
514 1823 542 1872 in
565 1823 659 1883 cn'bri,
689 1822 799 1888 straguli
824 1825 923 1875 textilis

72 1891 262 1959 everticuhque
279 1891 439 1943 cancellatim
456 1889 529 1939 scissi
546 1888 652 1955 figuram
670 1891 818 1940 concinnari
834 1891 923 1942 videa-

70 1968 126 2011 tur.
162 1958 279 2027 cymatia
294 1960 423 2029 simplicia
438 1959 531 2008 rimata
555 1975 576 2006 s.
601 1955 776 2022 opegruphina
798 1957 826 2007 in
849 1958 923 2021 hujus

71 2044 178 2098 qnoque
195 2027 285 2097 stirpis
300 2027 481 2088 varietatibus,
500 2023 596 2093 passim
612 2023 808 2093 intercurrunt)

123 2127 186 2183 191.
209 2129 262 2182 Gr.
286 2130 408 2181 celles
434 2128 494 2189 W,
520 2126 674 2177 blastemate
698 2123 815 2178 tlaallode
830 2144 923 2180 mono·

70 2196 190 2268 phyllino
207 2196 351 2249 orbiculato
370 2196 500 2248 calathico
517 2196 616 2260 integro
625 2191 827 2260 membranaceo,
845 2215 924 2266 supra

70 2265 493 2346 psimumincuso-pulverulcntq
518 2263 578 2315 dein
594 2262 627 2313 ab
645 2260 767 2314 umbilico
781 2267 923 2319 umbonato

68 2334 133 2387 ande
161 2334 278 2387 tenuiter
307 2336 424 2385 alutaceo
455 2332 631 2385 eminentiisve
667 2334 919 2387 ostracodermatiais

69 2419 164 2473 aspero
181 2402 434 2461 albo-cinerascente
451 2420 472 2453 s.
490 2417 593 2470 gryseo,
609 2417 669 2453 raro
687 2399 797 2471 denique
807 2402 917 2471 leiopla-

69 2473 131 2523 man
147 2471 378 2538 cinereo-rufoque
394 2472 476 2534 fusco,
493 2472 583 2522 subtus
599 2469 856 2522 alutaceo-rimulosc
874 2470 918 2522 di-

67 2539 355 2591 lutius-saturatiusve
380 2541 452 2590 fusco
482 2537 668 2591 subconcolore
694 2555 715 2587 s.
740 2538 920 2608 melanotropo

68 2608 200 2661 discolore
216 2607 287 2658 nudo
305 2606 518 2675 pythmeuibnsve
536 2615 563 2657 et
579 2605 679 2674 papulis
696 2607 918 2659 succrescentibus

68 2675 307 2744 alatacec-asperis
336 2675 446 2726 fuscatis
475 2675 634 2741 ramosisque
656 2674 769 2740 stipato,
802 2676 919 2741 cymatiis

61 2744 149 2813 nigris
167 2745 267 2827 opacis,
284 2743 551 2824 plexisqueimqrcssis
566 2742 647 2793 ovatis
657 2741 808 2808 oblongisve
821 2760 835 2792 c
849 2742 921 2793 disco

62 2808 212 2882 'prolifan
229 2813 348 2883 prolibus
365 2811 483 2879 oblougts
502 2809 629 2864 contortis
644 2808 718 2861 illum
743 2810 917 2862 dilatantibus.
