2024 3292
167 240 175 248 ⁴
231 255 421 308 'Marchantia
440 259 588 312 Gtimeldia,
684 303 691 313 ,
812 266 848 326 45

49 402 90 452 to3
110 390 244 460 stipitibus
265 394 421 461 praelongis,
439 394 845 466 gmcillirriis,·stsqunncialibus‚

64 460 206 527 evaginatis
224 461 536 525 dilate-fuscescentibus‚
582 463 621 514 ilis
642 469 735 518 setosis
759 469 844 521 bifur-

49 529 189 580 latentibus
204 528 307 590 obsitis;
332 530 491 599 receptaculi
509 482 688 611 quadripartiti
703 538 845 602 segmentic

49 599 85 648 asi
110 597 291 663 angistissima
315 598 405 648 lineari
430 598 503 649 brevi
527 608 607 649 tereti
630 600 728 668 apicem
751 622 843 655 versus

49 667 84 716 im
109 665 297 717 latescentibus
321 676 349 715 et
373 665 642 728 cucullato-inflexis,
678 672 844 738 spor-angium

50 734 155 795 atibus,
187 733 266 782 dorso
293 734 355 783 setis
381 733 539 801 simplicibus
562 732 700 786 bifurcisre
723 739 844 803 obsessis,

49 821 100 868 gne,
120 801 189 870 quod
209 801 313 868 quidem
331 801 435 851 unicum
453 802 592 851 certiorem
610 801 783 856 definitionem
799 824 843 857 re-

49 871 94 932 mit
127 880 154 918 et
186 886 272 936 neque
301 887 379 935 genus
413 886 499 938 neque
528 869 641 938 speciem
670 873 757 924 forsan
786 890 843 925 cum

49 939 177 1004 sroplrora
196 937 333 1002 puteana
361 937 451 988 Wdld.
482 939 554 989 Berl.
589 938 703 1008 Magoa.
737 959 757 993 s.
787 957 844 992 eun

49 1006 164 1057 chanao
181 1005 286 1055 curiata
303 1007 333 1056 L.
354 1006 417 1056 Dill.
435 1006 496 1058 aaa.
522 1013 543 1058 t.
567 1007 611 1058 15.
633 1010 659 1072 f.
683 1009 707 1059 5.
732 1009 841 1076 conjun-

49 1075 101 1125 lam
118 1074 175 1126 sive
192 1071 305 1136 ejusdem
322 1074 423 1142 geneda
436 1072 531 1126 ‘noram
549 1075 646 1126 certius
663 1076 772 1129 indicat.

332 1248 419 1310 Ordo
442 1250 466 1311 I
468 1251 502 1311 V.

49 1397 127 1447 unu
147 1397 841 1470 rerumrerumrunnrnaaamsamm.

262 1478 269 1497 N

49 1515 207 1582 Vegetabilia
228 1512 359 1569 'daedalea
388 1521 540 1590 simpliciter
568 1525 679 1592 laxeque
709 1522 840 1582 cellulam,

49 1585 201 1635 :frondosa
219 1587 296 1636 caudis
313 1587 370 1638 loeo
388 1607 466 1642 nervo
483 1593 626 1643 latescente
650 1593 747 1642 nutrita
772 1605 842 1638 nunc

50 1655 165 1702 esceutia
190 1674 209 1703 s.
224 1657 362 1720 surculosa,
388 1659 459 1708 caule
482 1660 678 1726 subcompresso
703 1661 841 1719 instructa,

49 1722 142 1789 plsylla
161 1740 241 1790 eaque
259 1734 362 1791 praeter
380 1728 489 1793 stipulas
508 1729 634 1793 (stipulae
650 1727 765 1787 Schreb„
782 1741 842 1774 am-

49 1791 143 1849 :astera
162 1792 250 1852 Ehrle„
263 1793 333 1854 folia
357 1795 502 1844 accessoria
528 1796 592 1860 Sea.)
616 1795 716 1842 nonnisi
741 1792 842 1844 caulem

49 1859 216 1910 'obsidentes
235 1869 261 1908 et
280 1877 336 1908 eum
354 1860 454 1909 fibrillis
478 1862 642 1927 capillaribus
669 1860 842 1909 desciscentes

50 1946 64 1976 e
87 1929 215 1991 figuratas,
242 1928 276 1989 (l.
306 1928 463 1993 stipulatae)
491 1929 560 1976 foliis
584 1938 641 1976 tum
675 1926 843 1993 dispositione

72 1994 352 2063 simpliciter-disticha
377 1993 411 2058 (l.
439 1984 616 2059 monopteroe)
647 1995 700 2042 sive
725 2011 739 2042 e
762 1993 843 2043 latere

49 2063 70 2111 is
90 2074 200 2130 utroque
220 2065 254 2128 (l.
274 2062 404 2127 dipterae)
424 2071 452 2110 et
469 2062 502 2111 ad
520 2064 635 2112 ordinem
653 2061 781 2130 duplicem
800 2061 841 2112 di-

49 2132 70 2180 is
100 2132 297 2192 accedentibus,
335 2131 566 2197 tumxfiguratione
590 2150 619 2183 ac
650 2130 843 2183 circumcisione

49 2217 76 2248 ea
94 2217 161 2248 nune
179 2201 256 2266 plane
272 2200 373 2266 integra
392 2200 425 2265 (l.
450 2194 655 2270 holophplla'nae)
680 2218 746 2249 nuuc
769 2200 842 2266 apice

49 2267 320 2335 e-nmltipliciterque
341 2269 421 2318 incisa
441 2270 471 2334 (l.
489 2269 717 2336 aelrizoplryllinae)
743 2267 841 2317 ornatis

49 2335 106 2399 guia,
126 2355 157 2385 ex
175 2337 291 2386 nervo‘s.
311 2355 342 2386 ex
360 2338 416 2405 ipso
434 2339 629 2388 cauleefertilia
655 2349 681 2386 et
706 2334 842 2404 sporangia

51 2404 244 2454 o-subrotnnda
274 2404 437 2457 subtestacea
461 2424 481 2455 s.
505 2405 697 2455 membranacea
724 2405 841 2451 colorata

49 2473 92 2537 za),
110 2472 283 2522 membranula
307 2474 408 2540 hyalina
430 2474 548 2541 pertenui
573 2474 700 2532 obvelata,
730 2470 843 2535 primum

49 2559 75 2590 sa
87 2558 118 2590 ex
128 2540 319 2607 perisporaugio
328 2541 573 2609 (parteperichaetio
588 2542 704 2605 analoga)
715 2536 842 2587 ochreae-

48 2609 66 2658 ιί
93 2609 234 2676 cylindrico
257 2609 368 2675 hyalino·
384 2610 539 2677 persistente
562 2609 719 2673 emergentia
743 2612 770 2652 et
795 2601 842 2649 de-

49 2696 58 2726 1
76 2678 245 2744 hyphopodio
265 2679 363 2743 {stipem
380 2677 539 2742 pedunculus
557 2678 638 2741 auct.)
657 2674 735 2723 debili
753 2668 843 2738 hyali·

49 2745 343 2813 ›hotoplrobo,sull'ulta‚
361 2746 489 2794 involvas
509 2753 619 2810 quatuor
634 2760 701 2791 nunc
724 2741 756 2790 ad
779 2755 844 2814 piar-

66 2815 179 2865 mediam
202 2831 270 2862 nunc
295 2813 328 2862 ad
359 2813 416 2862 axin
448 2829 528 2879 usque
560 2811 653 2859 divisas
684 2808 844 2857 dehiscentia

50 2900 131 2950 aeque
156 2882 281 2931 elatorum
312 2899 325 2930 a
346 2890 435 2948 paratu
466 2880 530 2928 mire
553 2877 680 2927 fabricato
704 2876 850 2925 instructas

49 2969 112 3020 eque
130 2951 165 3003 ad
181 2949 310 3000 valvarum
326 2900 411 3039 iatam
424 2949 480 3001 sire
498 2956 591 3002 centro
621 2964 756 3023 appensas¹
782 2961 862 3018 spar-
