2024 3292
113 131 142 179 Χ
467 130 607 185 Praebeo.

120 269 248 335 ridetur
275 267 442 335 classibus.
507 265 547 332 ln
579 291 696 335 eorum
725 268 970 336 characteribus

83 381 86 385 ·
118 353 269 423 eruendis
292 365 325 419 et
346 353 552 442 expoliendis
574 353 721 419 multum
734 367 845 420 tamen
856 367 971 437 restat,

32 504 61 526 „
115 444 162 508 ita
200 451 240 505 ut
273 439 421 526 plurima
448 443 627 526 Ba'sabcsfir’
654 442 805 508 acumine
838 441 968 509 eximio

119 548 215 613 egere
238 525 457 615 videanturi
894 588 898 602 ,
994 580 1001 587 .

182 613 376 699 Specierum
412 612 582 695 omnium,
622 612 735 701 paucis
772 611 974 683 Germaniae

118 694 254 784 minii
275 702 316 763 et'
326 697 457 789 alpinae
478 699 625 788 propriis
649 701 890 788 nuperrimeve·
908 699 971 765 ad-

117 780 195 851 ditis
208 783 349 851 necdum
368 784 402 848 in
419 796 563 872 systema
580 789 720 874 receptis
734 785 877 868 omissis,
898 786 971 852 sive

107 894 212 961 =‹tsrne
233 872 309 959 ipso⁴
328 870 491 935 lectarum
512 869 580 936 siv'e
603 873 637 936 in
666 871 829 958 exemplis
858 871 970 937 exsie-

117 958 196 1023 catis
213 956 477 1023 examinatarum
497 952 695 1039 characteres
708 958 817 1021 denuo
837 961 975 1023 exaravi·

117 1063 300 1128 earumque
327 1039 477 1128 phrases,
507 1042 661 1108 terminis
688 1042 802 1124 novis,
840 1041 970 1109 selectis

117 1129 184 1195 illis
205 1138 239 1194 et
260 1125 410 1192 advoces
429 1148 557 1213 graecas
576 1126 787 1215 configeretis
801 1127 970 1195 illustrare

117 1227 151 1283 et
172 1212 439 1279 circumscribere
460 1213 584 1290 studui,
605 1225 645 1279 ut
691 1225 775 1280 artes
804 1235 881 1279 cum
903 1234 970 1278 no·
992 1280 996 1287 ,

118 1299 264 1366 tionibus
286 1320 396 1385 nuper
417 1297 612 1381 enucleatae,
644 1237 970 1386 pbanerogamarum

116 1389 230 1466 instar,
250 1393 320 1448 rata
341 1380 577 1471 significatione
590 1386 790 1451 innitantur.
832 1383 872 1449 In
902 1384 969 1451 illis

117 1468 348 1538 enumerandis
370 1481 404 1535 et
425 1491 470 1543 ert,
489 1472 679 1558 regionibus
701 1472 817 1538 vicinis
832 1469 969 1558 quidem

116 1579 178 1623 nec
205 1566 316 1620 tamen
343 1556 469 1642 patruis
500 1557 535 1621 in
563 1556 696 1622 Floram
732 1557 833 1622 invita
865 1555 970 1627 ueluti

116 1642 241 1709 Natura
262 1641 519 1720 transducendis,
547 1665 588 1707 ne
616 1642 795 1730 gloriolam
824 1642 859 1707 in
887 1662 968 1706 mu-

117 1739 223 1795 staceo
246 1748 413 1814 quaeram,
435 1738 615 1801 numerum
628 1730 743 1794 minus
752 1750 853 1815 quam
866 1725 971 1793 fidem

116 1813 283 1893 classicam
304 1815 483 1880 aestumavi
505 1813 579 1879 ideo
605 1836 648 1878 ue
669 1811 824 1881 certiores
855 1811 970 1878 solum

114 1901 169 1970 vel
191 1899 302 2050 alipuo
324 1900 529 1967 auctoritatis
550 1836 728 1988 splendore
754 1898 970 1981 inclarescen-

114 2002 175 2066 tes,
196 2007 236 2051 ve
264 1996 302 2050 ut
321 1986 367 2051 itu
389 1985 511 2066 dicam,
528 1988 797 2052 inveterascantes
816 1982 969 2062 indicavi,
999 2042 1002 2049 ,

117 2070 232 2137 dubias
253 2083 333 2153 uero
356 2080 389 2134 et
410 2092 456 2133 nu
481 2093 518 2135 er
545 2070 581 2134 in
609 2069 877 2158 ephemeridibus
909 2066 970 2134 de-

115 2159 252 2243 scriptas
272 2155 414 2234 necdum
436 2093 479 2220 ad
497 2155 658 2221 trutinam
673 2166 800 2222 vocatas
814 2151 969 2220 consulto

117 2241 226 2309 omisi.
281 2241 350 2306 Nee
380 2240 479 2306 etiam
514 2241 548 2307 in
578 2241 692 2340 quavis
722 2239 816 2304 classi
850 2240 969 2304 desunt

75 2350 83 2355 ·
116 2338 283 2415 suspectae
306 2323 358 2392 vel
380 2326 507 2392 ordinis
528 2338 641 2415 potius
665 2337 697 2391 et
719 2323 967 2390 consuetudinis

117 2414 218 2515 gratia
244 2412 381 2479 interim
408 2422 574 2500 receptae,
612 2411 719 2477 donec
746 2409 807 2476 hae
835 2430 969 2499 quoque

114 2499 379 2586 pudiciores-,riori
403 2510 436 2564 et
457 2498 605 2586 aequiori
624 2510 688 2584 per
710 2517 826 2560 omnes
851 2493 968 2562 classes

61 2602 65 2607 ·
116 2585 306 2651 continuato
328 2583 582 2673 subjectaesive
604 2578 741 2668 explodi
768 2581 837 2647 sive
859 2580 968 2648 tutius

116 2668 243 2738 landari
264 2672 401 2759 possint.
445 2671 484 2736 ld
503 2667 718 2758 potissimum
741 2666 781 2733 de
797 2664 968 2732 lichenum

116 2758 285 2847 speciebus
305 2756 477 2847 plurimis,
508 2753 633 2830 ordinis
662 2753 765 2840 gratia
793 2775 882 2817 nune
910 2774 967 2818 re-

95 2882 98 2895 ·
117 2845 218 2934 ceptis
241 2843 336 2931 valet,
358 2847 438 2932 quas
459 2865 501 2911 ne
522 2838 634 2926 nimis,
667 2842 703 2909 in
725 2840 875 2907 tironum
897 2836 965 2904 sal-
