2024 3292
416 120 554 174 monuo.
870 132 910 187 [χ

10 314 12 321 ,
55 259 219 327 elatarum
241 255 351 345 sporis
373 258 596 347 appensorum
609 276 771 351 apparatu
786 272 907 336 muscis

53 344 268 434 perfectiora,
308 343 348 407 ab
375 346 539 422 Hookero,
560 350 684 415 Marta
708 363 740 415 ct
762 356 907 421 baladen-

14 500 17 511 .
55 436 166 518 lerga'o
190 428 301 528 (cujus
324 430 459 515 quidem
483 443 636 498 tractatus
650 437 756 499 scrius
769 440 904 505 demum

16 562 21 613 ι
56 517 219 606 expressis
241 538 310 602 Jam
333 513 480 599 ejusdem
503 518 628 582 ordinis
656 520 793 606 pagellis
821 525 904 589 mibi

18 660 21 671 .
56 604 214 684 innotuit)
236 603 277 666 ad
298 601 459 665 trutinam
481 614 615 679 vocata,
651 605 691 667 ab
717 605 769 669 his
799 630 903 693 porro

18 682 23 701 ⁵
57 689 92 753 ad
113 689 301 767 Muscos,
325 689 506 767 Diclsom‘r‘,
530 690 704 772 Hedws'ga'a',
736 692 906 779 Samog-

58 777 200 849 ricltenia',
222 775 380 846 Bratettt,
403 772 527 847 Neesr'a',
545 774 796 850 Hernsclsuclu‘a',
818 778 907 842 Lau-

58 866 122 924 ren·
142 858 353 945 aliorumque
375 856 575 943 augmentis,
608 856 778 921 methodis
807 862 905 927 variis

59 943 269 1028 iconibusque
296 942 502 1007 nitidissimis
529 940 731 1019 illustratos,
761 943 836 1011 dein
865 948 906 1013 ad

58 1027 255 1094 bicbenes
269 1028 308 1092 ab
315 1030 525 1113 Hoffmann,
540 1022 738 1104 Peraoom'o,
746 1032 904 1103 Achareo,

59 1117 192 1197 Frleate,
214 1115 430 1178 Eachwee‘lero
452 1124 485 1177 et
500 1117 659 1179 Flotowa'o
677 1115 764 1179 etad
782 1114 904 1200 Algos

59 1223 79 1263 s.
98 1199 309 1286 Phykeaa
344 1202 514 1275 lbrnerm·
549 1200 746 1281 Morientis,
782 1202 903 1265 Rotha‘o

59 1288 222 1372 Agardlrio
245 1297 277 1349 et
296 1288 486 1371 Jnergenaa’o
503 1284 704 1435 locupletata
731 1286 904 1351 descende-

58 1392 125 1436 rem
146 1381 181 1437 et
202 1391 279 1435 cum
306 1370 538 1460 Fungorum
591 1371 710 1456 eoique
738 1371 862 1435 divitiis
884 1398 903 1436 a

58 1457 245 1533 Peraoomb,
266 1458 393 1534 La'ala'e,
425 1459 544 1521 Neeaa'o
568 1466 602 1522 et
629 1460 759 1520 Μαῖα
787 1457 903 1543 siugu-

12 1516 20 1655 Ι
58 1540 114 1607 lari
136 1541 270 1608 solertia
290 1542 432 1628 digestis,
456 1563 540 1629 opus
556 1542 595 1605 ad
625 1541 748 1605 calcem
776 1544 903 1629 perdu-

12 1682 16 1701 ,
58 1649 172 1693 cerem.
218 1626 379 1692 Classium
400 1627 515 1692 titulos
537 1627 676 1690 usitatos
689 1637 820 1713 practer
833 1629 902 1694 He-

10 1766 15 1797 !
57 1714 171 1800 palicas
192 1714 315 1780 retinui
342 1713 476 1801 ejusque
504 1711 579 1774 loco
608 1711 810 1776 Lichenastri
838 1737 901 1777 no-

10 1802 15 1875 l
57 1800 133 1863 mini
154 1810 230 1864 tum
251 1823 268 1863 a
292 1800 372 1863 tiori
394 1810 469 1863 tum
491 1798 672 1880 antiquiori
701 1798 904 1864 civitatulam

10 1880 15 1969 l
59 1885 102 1948 im
126 1886 209 1954 crtii.
288 1906 323 1947 as
344 1906 475 1968 quoque
489 1882 603 1944 classes
617 1903 697 1942 cum
709 1881 904 1967 subscriptis

10 1976 15 2115 p
59 1907 236 2047 ordinibus,
272 1969 342 2030 sive
370 1987 413 2029 ex
440 1965 558 2027 habitu
589 1975 728 2026 externo
765 1966 832 2029 sive
861 1990 904 2031 ex

57 2056 154 2140 partis
176 2052 399 2140 cujuscunque
421 2048 624 2138 proprietate
648 2050 686 2113 ad
701 2058 794 2113 rocos
806 2073 913 2136 grae··

10 2190 12 2203 .
58 2161 104 2202 cas
124 2138 353 2217 denominatis,
385 2137 529 2200 breviter
558 2136 668 2220 itaque
698 2134 795 2231 plane
822 2138 904 2201 deli·

10 2226 12 2241 ²
56 2225 164 2306 neavi‚·
190 2223 302 2297 uthis
326 2223 462 2286 eandem
483 2242 561 2286 cum
589 2221 728 2305 reliquis
755 2223 905 2285 reconci-

57 2307 172 2373 liarem
193 2322 357 2387 normam.

118 2394 157 2457 ln
181 2392 355 2479 generibus
377 2392 569 2472 statuendis,
600 2391 712 2456 aetatis
734 2391 908 2477 pruritum

55 2476 236 2545 nefandum
258 2477 316 2542 illa
331 2501 374 2544 ex
389 2499 582 2571 quacunque
597 2477 805 2543 aberratione
816 2474 909 2537 mul-

57 2564 237 2654 tiplicandi,
261 2562 376 2630 sedulo
400 2565 528 2630 evitavi.
572 2559 774 2645 Vegetabilia
797 2580 910 2707 spuma

58 2652 147 2716 enim
169 2673 222 2715 am
247 2649 387 2715 lioribus
406 2650 516 2714 favere
536 2647 710 2735 generibus
724 2665 815 2738 neca
853 2662 912 2736 or-

10 2770 13 2809 a
59 2736 192 2800 dinibus
218 2674 329 2803 denuo
358 2735 592 2802 distribuendis
620 2732 726 2816 iisque
754 2738 833 2791 scite
862 2727 915 2791 di-

58 2821 242 2891 lucidandia
264 2822 370 2893 aliena
392 2845 471 2906 csse,
492 2821 617 2889 Natura
637 2813 782 2910 singulis
803 2816 930 2889 testari
