2024 3292
430 112 566 169 l'raelstic.
884 124 925 175 χι

69 264 139 319 tem
163 259 372 316 contemtum
389 250 579 337 castigarem
592 262 626 317 et
641 254 681 319 ad
693 254 826 343 stirpes,
872 262 923 324 ui-

67 340 130 405 bus
152 335 312 426 propriae
341 356 548 416 revocarem,
577 340 760 403 secundum
789 354 858 407 met
883 367 924 407 o-

67 426 151 495 dum
173 444 285 486 meam
306 421 518 493 in,Historia
545 422 713 489 lichenum
742 430 923 511 generatim

65 508 257 599 professam
278 518 312 571 ct
333 505 373 570 ab
396 507 461 572 alio
485 529 685 606 quocunque
707 532 752 575 ex
780 511 923 599 inspira-

66 597 157 661 tione
180 591 409 658 contubernali
436 594 608 658 recitatam
634 605 681 659 1ta
706 596 844 659 interim
870 599 924 661 in-

65 689 269 768 terpretatus
291 700 379 761 sum,
403 688 450 741 -ut
471 680 559 743 inter
580 676 682 743 fidem
710 679 923 747 Acbarianam

65 790 141 833 mea
161 764 361 829 transluceat
383 772 488 847 utque
509 763 611 827 simul
633 785 707 829 mea
728 764 769 831 de
786 764 923 853 singulis

67 850 224 936 suffragia
245 851 466 913 innotescant!

132 936 187 1001 Ex
208 936 407 1023 synonymis
430 935 556 1016 classes,
584 957 714 1023 genera
743 944 777 1000 ct
802 938 923 1021 species

68 1021 325 1094 illustrantibus,
350 1020 563 1087 celeberrima
584 1022 763 1107 iconesquc
778 1020 923 1095 idoneas,

67 1106 160 1173 nulla
180 1107 293 1173 aetatis
309 1104 422 1172 habita
440 1107 579 1188 ratione,
601 1110 669 1173 suis
682 1107 763 1171 locis
780 1104 923 1169 laudavi.

67 1193 319 1261 Exsiccatarum
342 1192 552 1259 collectiones
572 1191 728 1281 pauculas
750 1190 861 1257 solnm
891 1205 924 1257 et

68 1278 142 1345 illas
163 1276 236 1343 fere
258 1276 318 1345 alle
341 1279 403 1360 avi,
428 1301 510 1363 quae
532 1278 808 1345 commentarium
821 1278 922 1343 simul

67 1364 285 1455 promittunt.
359 1359 571 1450 ascriptiones
599 1363 803 1450 specierum,
842 1384 923 1447 quas

70 1448 182 1550 operis
203 1448 288 1512 ratio
310 1450 496 1530 restrinxit,
519 1473 536 1513 a
558 1470 673 1547 praece
698 1448 739 1511 tis
760 1448 922 1512 Linnaca-

68 1558 121 1600 ms
145 1534 371 1621 quadantenus
382 1534 519 1599 ”alienus
533 1471 829 1620 aliqua-pbrasium
845 1555 922 1620 spe·

70 1618 240 1685 cificarum
262 1621 480 1707 amplitudine
501 1622 674 1684 restituere
698 1617 923 1703 singularum-

71 1728 136 1793 que
158 1707 343 1793 specierum
365 1705 595 1771 difficiliorum
620 1705 844 1790 cognitionem
872 1704 923 1768 fa-

71 1791 220 1857 ciliorem
257 1791 453 1857 differentiis
481 1791 599 1855 additis
633 1791 766 1855 munire
797 1791 921 1859 studui.

71 1879 203 1943 Praeter
224 1875 283 1941 has
304 1876 475 1940 lichenum
506 1876 642 1940 classem
670 1874 864 1939 excursibus
894 1886 925 1939 et

73 1963 140 2026 inte
184 1961 405 2026 retationibus
429 1961 601 2022 succinctis
629 1959 837 2042 interspersis
864 1980 925 2024 vo-

73 2046 122 2113 lui
142 1985 322 2127 iliustrare,
344 2056 384 2109 ut
405 2067 424 2108 a
446 2043 553 2108 dubiis
582 2041 634 2107 his
665 2041 786 2130 plantis
817 2044 924 2109 ambi-

74 2135 212 2221 guitates
236 2153 448 2219 quaecunque
471 2129 654 2215 abigantur.
689 2127 738 2199 ,In
762 2128 842 2193 locis
871 2152 926 2194 na·

72 2219 196 2284 talibus
233 2218 418 2299 laudandis,
462 2215 527 2279 nisi
555 2226 663 2280 certus
698 2212 752 2291 uel
779 2226 924 2301 autopta,

72 2328 199 2394 paucus
220 2302 283 2368 fui.

139 2389 231 2454 lnter
251 2388 381 2474 reliqua
403 2387 559 2467 subsidia,
581 2409 646 2474 pro
669 2386 791 2471 quibus
814 2396 927 2449 aucto-

73 2478 167 2544 ribus
178 2496 280 2572 supra
288 2473 573 2558 laudatissingulas
586 2473 699 2535 classes
712 2471 929 2535 solertissime

74 2561 289 2626 tractantibus
311 2570 422 2647 gratus
443 2569 565 2639 testor,
597 2557 703 2620 solam
725 2552 796 2617 fere
821 2557 927 2617 Natu-

76 2669 151 2712 ram
171 2646 273 2711 habui
296 2647 415 2711 ducem
435 2655 468 2708 et
490 2654 659 2708 auctorem
682 2639 818 2726 ejusque
832 2662 930 2724 prac-

77 2743 253 2821 ceptorum
282 2752 421 2817 sequax,
465 2729 546 2814 quid
579 2727 650 2815 ipse
683 2728 718 2788 in
753 2733 930 2808 systemate

78 2817 324 2902 concinnando,
362 2818 401 2881 in·
427 2815 581 2881 classibus
609 2824 641 2878 et
671 2810 847 2880 ordinibus
871 2817 942 2876 sta-
