2024 3292
380 181 596 249 Sphacroplroros.
860 190 912 243 581

113 319 154 368 Ad
172 332 293 367 saxorum
309 317 391 367 latera
416 315 586 366 horizontalia
611 316 637 366 in
663 319 767 368 summis
789 322 914 375 montium

60 386 264 454 subalpestrium
282 386 429 454 alpiumque
447 385 521 450 jugis,
537 398 567 455 vs
581 402 604 435 c.
622 386 733 453 Hercyn.
750 386 777 436 in
789 388 913 441 Bructero

59 473 96 507 m.
114 453 277 505 abundanter
301 452 510 519 caespitibusque
534 452 620 532 palmo
646 452 794 516 latioribus,
825 459 914 509 uncias

60 523 152 592 plures
166 520 236 584 altis,
253 522 398 588 insignibus
414 506 504 570 obulos
522 518 644 583 alliciens,
668 522 751 572 rarius
768 532 854 575 tamen
867 542 916 592 cy-

59 589 240 657 matoplrorus.
259 590 420 656 (Hadrume,
438 588 572 650 Weberm,
584 588 733 640 catharrus
742 590 839 658 aliique
856 609 915 644 curn

64 666 193 727 sequente
210 657 371 723 conjungunt
388 674 435 707 nec
452 654 509 724 ipse
527 656 649 719 diffiteor,
672 673 711 723 sp.
728 656 756 707 in
773 668 843 710 terra
854 678 915 711 urn-

61 727 143 781 brosa
158 724 234 776 illum
251 725 383 787 annulari,
401 725 515 793 quamvis
532 722 645 787 habitus,
662 723 834 777 thumniornm
851 746 916 780 con·

61 790 183 847 femitas
202 811 260 844 cum
276 793 390 856 ramulis,
408 793 578 860 cymatiorum
595 793 677 844 moles
696 802 722 843 et
733 795 916 863 speirematunr

60 862 172 929 nigredo
191 861 348 913 differentias
373 861 507 911 suadeant.
560 859 687 913 Tharnniu
710 861 866 930 simpliciora
886 865 916 915 in

61 929 194 999 caespites
211 929 321 999 implexa
338 928 436 999 apicem
452 946 541 981 versus
552 928 631 979 facile
643 928 795 981 deteruntur
804 940 830 980 et
844 950 915 983 mas-

61 1016 121 1053 aanr
138 997 288 1049 corallinam
304 998 438 1065 aequalem
455 1014 570 1049 arrosam
593 996 729 1047 floccosam
753 998 916 1051 mentiuntur

61 1074 94 1119 et
110 1065 214 1134 saepius
232 1078 266 1117 ex
281 1066 409 1117 Dothidea
427 1065 522 1115 adnata
538 1084 559 1116 s.
576 1083 608 1115 ex
624 1064 824 1134 speirematibnc
842 1068 915 1119 cine-

59 1142 180 1189 rascunt.
215 1135 334 1201 cymatia
351 1132 425 1200 grani
443 1133 553 1201 piperini
570 1133 665 1183 molem
682 1141 709 1183 et
733 1133 857 1197 colorem,
868 1152 915 1186 ae-

58 1202 173 1273 quantia‘
186 1201 338 1270 plerumque
355 1201 498 1270 persistunt
515 1219 562 1250 nec
578 1212 681 1269 praeter
698 1204 822 1255 verticem
838 1202 915 1255 infle-

57 1286 126 1322 xum
141 1280 247 1337 tegmen
261 1270 468 1343 blastematicunr
486 1269 631 1337 abjiciunt.)

90 1426 93 1431 ,
116 1371 193 1424 1068.
211 1373 284 1439 Spla-
302 1371 516 1424 coralloidcs
532 1372 641 1435 Pera,
659 1371 915 1427 blastematetharn-

56 1438 134 1492 node
151 1450 241 1490 erecto
259 1440 412 1491 fruticuloso
431 1441 577 1506 compactili
593 1441 680 1506 rigido
697 1440 852 1495 leucochroo
869 1445 915 1494 ni-

56 1507 196 1559 tido-dein
213 1508 385 1575 phaeotropo,
408 1509 528 1557 thamniis
552 1509 680 1575 primariis
703 1511 817 1561 robustis
842 1528 915 1561 com-

56 1576 343 1646 presso-teretiusculis
365 1574 543 1641 irregulariter
565 1576 688 1637 ramosis,
719 1576 768 1625 alia
799 1578 915 1629 thamnia

58 1642 215 1694 secundaria
238 1645 333 1693 teretia
362 1643 469 1709 gracilia
497 1659 701 1709 quaquavorsum
725 1646 917 1694 succrescentia

59 1710 243 1763 emittentibus
265 1711 348 1780 iisqne
371 1711 451 1762 veluti
481 1710 615 1777 prolil'eris
645 1710 775 1761 sterilibus
799 1711 917 1763 habitum

59 1778 454 1831 fruticnlosnmramosissimum
462 1777 684 1842 concinnantibus,
697 1780 813 1846 cymatiis
821 1780 917 1847 sphae-

61 1845 128 1897 ricis
151 1847 329 1898 terminalibus
353 1845 574 1914 speiremadochio
597 1840 804 1912 violaceo-niglu
827 1846 917 1907 soctis,

63 1912 169 1964 effoetis
186 1915 285 1966 vertice
307 1916 392 1966 lacero
409 1915 476 1964 fissis
500 1913 676 1981 pavimentum
699 1914 817 1965 conicum
840 1932 917 1965 mon-

61 1981 216 2033 strantibus.
234 2012 269 2022 —
283 1983 495 2050 Spbacrophoros
507 1979 792 2032 coralloidesPen.1.l.
809 1982 916 2048 Sphae-

321 2052 327 2064 ‘
500 2049 506 2062 ⁸
606 2076 609 2081 ‚
801 2050 818 2078 Γ

62 2048 675 2179 labefactarat:afflictata:
689 2047 919 2185 talaiae

62 2182 123 2235 Dc.
140 2185 158 2235 l.
177 2186 195 2235 l.
220 2187 407 2238 Stcreocauloa
429 2186 588 2252 globifcrnm
616 2184 714 2250 Hoffm.
736 2201 821 2302 ἰενπι.
848 2186 917 2247 131.,

63 2252 228 2304 Coralloidec
244 2255 403 2321 globiscrum
417 2255 454 2318 pt.
473 2252 531 2302 licb.
549 2258 569 2302 t.
589 2253 630 2302 31.
642 2254 669 2315 f.
687 2256 714 2307 2.
763 2252 837 2304 ichen
852 2254 918 2321 glo·
943 2259 949 2271 ‘

62 2318 140 2370 bosus
157 2320 242 2372 Hnde.
261 2322 291 2372 la.
304 2321 418 2387 fragilia
434 2339 460 2386 y.
477 2320 623 2385 globfforrrs
644 2320 717 2371 Web.
736 2321 754 2371 l.
773 2323 790 2372 l.
808 2321 840 2371 Ia.
855 2323 918 2390 glo-

62 2384 257 2521 {isssmfhgbm
274 2395 355 2440 mant.
374 2388 432 2439 133.
451 2414 484 2424 -
502 2387 573 2437 Flor.
591 2386 652 2438 dau.
667 2393 688 2440 t.
703 2387 764 2441 960.
778 2389 841 2442 Dill.
854 2390 916 2443 hist.

96 2522 152 2571 ‘ln
175 2522 279 2573 ericetis
302 2524 429 2575 montium
455 2523 594 2575 editiorum
617 2524 759 2592 Thuring„
788 2525 831 2575 vix
855 2543 918 2578 vero

62 2590 277 2658 cymatophorns5
305 2590 339 2639 ad
355 2592 475 2643 Abietnm
500 2602 526 2642 et
551 2592 698 2643 Betularum
722 2604 827 2643 truncos
850 2593 918 2644 imos

61 2659 177 2725 Hercyn.
196 2657 338 2726 superioris
354 2661 450 2726 passim
469 2660 505 2725 (r.
524 2677 545 2710 c.
569 2660 596 2709 in
621 2676 729 2710 ascensu
751 2662 846 2723 Eruet,
872 2660 919 2710 der

60 2724 318 2777 Acbhrmannsho'he
335 2737 363 2777 et
381 2726 546 2796 alibi),-quos
564 2726 633 2777 belle
649 2739 726 2778 ornat
742 2727 918 2778 thamniorum

60 2792 144 2845 veluti
160 2795 343 2863 proliferorum
357 2796 467 2863 ideoque
481 2795 697 2847 sterilescentium
710 2805 840 2864 proventu
851 2810 917 2863 pro-

60 2878 143 2939 ρωποι,
178 2864 349 2933 (Speirernata
365 2864 622 2939 melanophaena'ex
644 2880 760 2933 purpura
782 2863 846 2933 quid
860 2870 918 2911 tra-
