2024 3292
111 185 163 239 332
312 183 357 233 IV.
374 180 509 245 Liehenes,
526 184 551 237 ἲ.
569 178 757 267 discocymatii.

112 321 192 387 stirps
210 319 365 369 varietatum
385 328 412 368 et
428 317 531 367 luseum
542 316 632 367 'messi
657 316 731 367 (lires
755 315 853 382 signat,
869 334 918 366 var.
933 317 956 365 b.

112 398 200 437 tumen
218 387 311 436 laetius
328 388 354 435 in
373 385 451 443 Tilia,
476 386 583 435 llraxino
608 394 636 434 et
653 384 771 451 Popu103
803 403 827 452 γ.
844 385 869 435 in
886 385 957 451 Gory-

114 455 140 505 lo
158 457 355 513 amarescente,
382 455 408 503 a.
425 454 451 502 iu
475 454 536 505 llice
554 462 582 501 et
604 453 716 502 l'raxino
744 453 879 516 (German.
899 451 957 501 med.

112 531 142 573 et
159 523 287 587 austrnl.),
306 540 325 571 ε,
343 523 370 571 in
389 522 483 571 Geraso
502 531 529 569 et
542 520 606 571 ltluo
624 521 699 587 viget
716 530 747 570 et
772 537 831 571 curn
855 520 908 571 eliis
921 519 958 568 in·

112 591 246 643 termediis
253 589 363 640 ubertim
374 588 452 639 redit.
461 588 516 649 -(
516 588 599 655 Stirps
606 606 655 656 per
665 596 756 639 totum
764 586 854 639 orbem
884 586 958 638 eriul-

114 659 256 726 {ratissima
269 657 429 707 difficillima.
445 657 522 706 Color
533 655 696 707 blastematis
709 654 740 705 in
752 673 862 724 serap
889 654 957 706 oeotle

112 728 182 778 idem
189 736 228 777 est
236 725 401 794 epidennidis
411 742 442 774 ex
449 724 560 791 gonidiis
567 724 592 773 ei
598 721 726 789 subjectis
734 722 958 775 levissimetantun

115 804 231 846 mutatae
246 803 272 844 et
285 793 319 844 ad
333 793 404 842 illam
417 810 464 859 pro
478 792 661 843 variaerboris
676 799 784 853 natura,
798 791 879 854 albet,
891 790 958 860 pellet

116 882 137 914 s.
155 862 305 927 glaucescit,
319 859 423 911 nonnisi
442 877 473 910 ex
491 859 603 926 gonidiis
615 859 688 923 juxta
700 860 891 927 epidermidem
904 858 958 909 scis·

116 949 170 981 sam
188 929 301 989 emersis,
319 928 413 979 leviter
430 928 536 977 virescit
553 944 602 977 uec
618 937 705 977 tamen
731 928 870 978 transfusis
892 926 957 995 inque

116 1008 223 1048 stratum
239 997 342 1064 stipatis
360 996 528 1056 obliteratur;
560 996 622 1046 alias
640 994 756 1061 denique
772 994 926 1062 praesertim
938 993 958 1042 in

116 1064 297 1134 speciminibus
315 1064 496 1132 speirematum
519 1062 671 1131 epidermidi
694 1062 874 1125 subjectorum
891 1062 958 1113 dillu-

117 1149 255 1211 sorumque
273 1132 355 1182 limite
373 1133 445 1198 nigro
469 1132 501 1181 ad
519 1132 582 1181 lines
608 1130 794 1181 determinatos
821 1129 959 1198 compulsis,

117 1219 150 1252 ex
167 1201 364 1268 sperrematibus
383 1202 451 1250 forus
469 1200 598 1267 adspersis
616 1199 691 1266 eique
714 1196 799 1249 veluti
823 1198 960 1265 adglutina-

115 1269 151 1319 tis
164 1267 206 1317 vel
220 1285 322 1335 quoqne
334 1286 366 1319 ex
385 1267 554 1335 cymatiorum
571 1267 646 1335 copia
660 1266 824 1317 cinerasoero
834 1266 854 1316 l.
863 1265 961 1334 tephro-

115 1337 240 1406 plraenus)
259 1352 280 1385 s.
298 1337 539 1402 aeneo-nigrescere
556 1336 672 1395 videtnr3
697 1335 726 1385 in
742 1351 797 1385 var.
812 1332 839 1383 b.
853 1332 962 1401 peribit-

114 1403 208 1454 stetica
226 1420 293 1452 nunc
317 1404 413 1467 candet
436 1404 541 1466 omnino
566 1420 632 1453 nunc
657 1400 827 1483 exponidiis
853 1400 961 1469 plurimis

115 1470 285 1522 semiemersis
306 1488 362 1522 cum
381 1472 466 1522 virore
484 1472 588 1523 sordido
607 1470 682 1538 plane
700 1469 849 1519 cinerascit.
873 1469 962 1537 Cyma-

114 1539 152 1588 tia
178 1539 277 1602 juniora
302 1548 328 1590 et
354 1541 447 1591 ell'oeta
477 1558 507 1589 ex
530 1542 623 1608 pruina
643 1547 747 1589 retenta
769 1554 790 1586 s.
810 1538 909 1602 ausuga
925 1534 961 1586 nl·

114 1616 245 1674 grescunt,
275 1608 347 1658 loeta
365 1609 469 1676 pulvere
487 1609 610 1676 adsperso
626 1606 793 1673 glaucescnnt
817 1614 905 1673 eoqn'e
922 1620 962 1655 co-

114 1675 171 1725 lore
195 1675 277 1725 veluti
301 1675 448 1725 blastenmti
471 1676 522 1743 ipsi
546 1676 681 1726 commisso
702 1675 771 1724 inter
795 1674 962 1741 cymatiornm

115 1743 215 1810 copiam
233 1743 373 1811 decipiunt.
409 1743 491 1792 Moles
510 1753 536 1792 et
560 1743 727 1811 cymatiorunr
751 1740 838 1807 figura
862 1742 889 1790 in
914 1758 961 1792 rar.

114 1829 138 1862 a·
158 1829 189 1861 ex
206 1811 262 1860 uisu
278 1810 447 1877 vegetationis
464 1811 579 1879 proprio,
597 1811 623 1861 in
640 1828 694 1860 var.
712 1808 738 1858 b.
765 1827 798 1858 ex
823 1818 906 1859 strato
930 1806 962 1857 bl.

113 1880 305 1932 heteromereos
324 1880 463 1946 pendetet
481 1880 608 1929 sllicitat
631 1879 657 1928 in
681 1877 726 1927 illa
749 1877 846 1940 ludat,
869 1877 898 1927 in
920 1876 962 1927 hoc

114 1967 176 1999 vero
188 1950 339 1999 blastemate
353 1948 463 2015 cymatia
479 1953 655 2008 coerceantur,
670 1954 850 2011 angustentur,
873 1944 963 1995 abbre-

113 2017 217 2065 vientur
235 2026 262 2065 et
279 2015 381 2083 penitus
399 2015 565 2080 sepeliantur.
602 2017 714 2064 Monstra
730 2013 907 2079 cymatiorum
917 2011 962 2063 slis

114 2083 307 2148 speirematibus
325 2082 427 2150 stipatis
445 2082 624 2133 arthonioidea
642 2088 724 2149 eaque
741 2096 809 2130 nunc
829 2080 961 2148 epiphloe·

113 2149 178 2197 oden
196 2151 333 2200 maculeris
351 2151 473 2217 amcrpha
491 2151 577 2200 colore
595 2155 673 2200 ao'neo
698 2147 824 2213 iusignia,
853 2148 961 2216 superfi-

113 2215 195 2274 cialia,
212 2216 401 2282 hypothematis
420 2236 452 2268 ex
468 2219 665 2287 speirematibus
687 2217 758 2265 foras
772 2216 962 2267 succrescenti-

112 2282 160 2331 bus
178 2282 258 2333 velnti
276 2286 428 2348 rudimenta,
451 2303 520 2336 nunc
536 2284 749 2353 hypophloeodea
774 2284 862 2335 oralia
887 2283 961 2333 disci·

111 2350 204 2400 serinia
223 2368 243 2399 s.
269 2353 396 2417 elongata,
421 2355 463 2403 vix
487 2353 536 2403 nisi
560 2352 681 2403 consortii
698 2352 756 2416 jure
778 2368 795 2401 a
823 2354 872 2403 Gr.
894 2360 960 2403 atrae

111 2418 232 2468 monstris
250 2418 418 2485 homonymis,
437 2424 514 2488 snpr'a
529 2424 574 2472 Gr.
588 2418 788 2485 microscopicae
801 2419 886 2470 titulo
899 2436 960 2488 pro-

110 2485 207 2535 miscue
225 2487 349 2554 expositis
367 2487 541 2552 dignoscenda
557 2488 598 2538 vel
617 2503 718 2554 quoque
741 2486 898 2536 latescentia
919 2484 956 2551 (A.

110 2554 259 2619 spectabilis
277 2555 357 2618 Flet.)
386 2564 412 2604 et
436 2554 656 2623 speiromndochio
679 2552 758 2616 magis
789 2553 897 2603 evoluto
918 2553 955 2603 in-

108 2629 215 2682 structa,
236 2626 281 2673 Gr.
300 2631 414 2672 nostram
432 2622 619 2688 quodammodo
638 2619 802 2681 mentientia5
839 2621 890 2671 alia
913 2618 954 2669 tle·

126 2704 159 2736 ue
178 2706 208 2736 ex
227 2686 423 2756 speircmntibns
447 2689 505 2738 laxe
530 2688 720 2757 comprehensis
738 2688 885 2754 composita
902 2696 952 2737 tra-

108 2705 252 2895 iirylioit3ea
261 2757 380 2826 pulvillos
396 2756 482 2822 nigros
496 2757 660 2827 inquinantes
674 2754 951 2826 pulverulentosprat·
988 2767 993 2848 Ι

103 2831 209 2879 stantia.
1001 2832 1005 2865 Ι
