<?xml version="1.0" encoding="UTF-8"?>
<!DOCTYPE html PUBLIC "-//W3C//DTD XHTML 1.0 Transitional//EN"
    "http://www.w3.org/TR/xhtml1/DTD/xhtml1-transitional.dtd">
<html xmlns="http://www.w3.org/1999/xhtml" xml:lang="en" lang="en">
 <head>
  <title>
</title>
<meta http-equiv="Content-Type" content="text/html;charset=utf-8" />
  <meta name='ocr-system' content='tesseract 3.04.00' />
  <meta name='ocr-capabilities' content='ocr_page ocr_carea ocr_par ocr_line ocrx_word'/>
</head>
<body>
  <div class='ocr_page' id='page_1' title='image "./floracryptogami00wallgoog_0013.png"; bbox 0 0 2024 3292; ppageno 0'>
   <div class='ocr_carea' id='block_1_1' title="bbox 329 744 685 834">
    <p class='ocr_par' dir='ltr' id='par_1_1' title="bbox 329 744 685 834">
     <span class='ocr_line' id='line_1_1' title="bbox 329 744 685 834; baseline -0.003 0"><span class='ocrx_word' id='word_1_1' title='bbox 329 744 685 834; x_wconf 79' lang='lat' dir='ltr'><strong>PRAEFATIO.</strong></span> 
     </span>
    </p>
   </div>
   <div class='ocr_carea' id='block_1_2' title="bbox 33 938 992 2822">
    <p class='ocr_par' dir='ltr' id='par_1_2' title="bbox 33 938 992 2822">
     <span class='ocr_line' id='line_1_2' title="bbox 139 938 925 1037; baseline -0.003 -25"><span class='ocrx_word' id='word_1_2' title='bbox 139 938 332 1013; x_wconf 85' lang='lat' dir='ltr'><strong>Plantarum</strong></span> <span class='ocrx_word' id='word_1_3' title='bbox 359 947 555 1016; x_wconf 78' lang='lat' dir='ltr'><strong>Germaniae</strong></span> <span class='ocrx_word' id='word_1_4' title='bbox 581 948 815 1037; x_wconf 75' lang='lat' dir='ltr'><strong>indigenarum</strong></span> <span class='ocrx_word' id='word_1_5' title='bbox 844 966 925 1011; x_wconf 90' lang='lat' dir='ltr'><strong>enu-</strong></span> 
     </span>
     <span class='ocr_line' id='line_1_3' title="bbox 86 1032 926 1121; baseline -0.001 -24"><span class='ocrx_word' id='word_1_6' title='bbox 86 1035 294 1113; x_wconf 84' lang='lat' dir='ltr'><strong>merationes,</strong></span> <span class='ocrx_word' id='word_1_7' title='bbox 328 1044 496 1121; x_wconf 77' lang='lat' dir='ltr'><strong>quotquot</strong></span> <span class='ocrx_word' id='word_1_8' title='bbox 519 1054 609 1099; x_wconf 89' lang='lat' dir='ltr'><strong>nuno</strong></span> <span class='ocrx_word' id='word_1_9' title='bbox 636 1035 672 1099; x_wconf 89' lang='lat' dir='ltr'><strong>iu</strong></span> <span class='ocrx_word' id='word_1_10' title='bbox 698 1032 809 1101; x_wconf 83' lang='lat' dir='ltr'><strong>lucem</strong></span> <span class='ocrx_word' id='word_1_11' title='bbox 829 1046 926 1120; x_wconf 86' lang='lat' dir='ltr'><strong>&#39;pro-</strong></span> 
     </span>
     <span class='ocr_line' id='line_1_4' title="bbox 86 1115 927 1206; baseline 0 -25"><span class='ocrx_word' id='word_1_12' title='bbox 86 1115 218 1200; x_wconf 73' lang='lat' dir='ltr'><strong>dicant,</strong></span> <span class='ocrx_word' id='word_1_13' title='bbox 251 1116 513 1206; x_wconf 85' lang='lat' dir='ltr'><strong>phanerogamas</strong></span> <span class='ocrx_word' id='word_1_14' title='bbox 533 1116 659 1184; x_wconf 77' lang='lat' dir='ltr'><strong>affatim</strong></span> <span class='ocrx_word' id='word_1_15' title='bbox 680 1118 817 1205; x_wconf 88' lang='lat' dir='ltr'><strong>quidem</strong></span> <span class='ocrx_word' id='word_1_16' title='bbox 844 1138 927 1205; x_wconf 85' lang='lat' dir='ltr'><strong>pro-</strong></span> 
     </span>
     <span class='ocr_line' id='line_1_5' title="bbox 84 1202 927 1301; baseline -0.002 -32"><span class='ocrx_word' id='word_1_17' title='bbox 84 1202 245 1301; x_wconf 77' lang='lat' dir='ltr'><strong>mulgent,</strong></span> <span class='ocrx_word' id='word_1_18' title='bbox 281 1205 588 1291; x_wconf 71' lang='lat' dir='ltr'><strong>cryptogamus=sic</strong></span> <span class='ocrx_word' id='word_1_19' title='bbox 616 1203 719 1271; x_wconf 72' lang='lat' dir='ltr'><strong>dictas</strong></span> <span class='ocrx_word' id='word_1_20' title='bbox 745 1212 927 1270; x_wconf 78' lang='lat' dir='ltr'><strong>verutum</strong></span> 
     </span>
     <span class='ocr_line' id='line_1_6' title="bbox 84 1284 928 1377; baseline 0 -26"><span class='ocrx_word' id='word_1_21' title='bbox 84 1308 233 1352; x_wconf 71' lang='lat' dir='ltr'><strong>concinna</strong></span> <span class='ocrx_word' id='word_1_22' title='bbox 254 1284 384 1354; x_wconf 82' lang='lat' dir='ltr'><strong>formae</strong></span> <span class='ocrx_word' id='word_1_23' title='bbox 404 1289 561 1355; x_wconf 74' lang='lat' dir='ltr'><strong>uarietate</strong></span> <span class='ocrx_word' id='word_1_24' title='bbox 581 1299 656 1354; x_wconf 89' lang='lat' dir='ltr'><strong>tum</strong></span> <span class='ocrx_word' id='word_1_25' title='bbox 677 1290 827 1377; x_wconf 77' lang='lat' dir='ltr'><strong>partium</strong></span> <span class='ocrx_word' id='word_1_26' title='bbox 847 1309 928 1353; x_wconf 87' lang='lat' dir='ltr'><strong>cou-</strong></span> 
     </span>
     <span class='ocr_line' id='line_1_7' title="bbox 84 1373 928 1462; baseline 0.001 -26"><span class='ocrx_word' id='word_1_27' title='bbox 84 1381 174 1437; x_wconf 84' lang='lat' dir='ltr'><strong>centu</strong></span> <span class='ocrx_word' id='word_1_28' title='bbox 195 1373 360 1460; x_wconf 87' lang='lat' dir='ltr'><strong>stupendo</strong></span> <span class='ocrx_word' id='word_1_29' title='bbox 381 1374 536 1462; x_wconf 76' lang='lat' dir='ltr'><strong>insignes,</strong></span> <span class='ocrx_word' id='word_1_30' title='bbox 569 1377 638 1441; x_wconf 85' lang='lat' dir='ltr'><strong>sive</strong></span> <span class='ocrx_word' id='word_1_31' title='bbox 659 1383 832 1440; x_wconf 86' lang='lat' dir='ltr'><strong>transeunt</strong></span> <span class='ocrx_word' id='word_1_32' title='bbox 851 1395 928 1437; x_wconf 91' lang='lat' dir='ltr'><strong>om·</strong></span> 
     </span>
     <span class='ocr_line' id='line_1_8' title="bbox 82 1457 928 1546; baseline 0.002 -26"><span class='ocrx_word' id='word_1_33' title='bbox 82 1457 154 1522; x_wconf 88' lang='lat' dir='ltr'><strong>nino</strong></span> <span class='ocrx_word' id='word_1_34' title='bbox 177 1457 247 1522; x_wconf 85' lang='lat' dir='ltr'><strong>sive</strong></span> <span class='ocrx_word' id='word_1_35' title='bbox 273 1457 402 1546; x_wconf 81' lang='lat' dir='ltr'><strong>priores</strong></span> <span class='ocrx_word' id='word_1_36' title='bbox 429 1470 561 1526; x_wconf 84' lang='lat' dir='ltr'><strong>tantum</strong></span> <span class='ocrx_word' id='word_1_37' title='bbox 590 1458 706 1526; x_wconf 87' lang='lat' dir='ltr'><strong>classes</strong></span> <span class='ocrx_word' id='word_1_38' title='bbox 734 1460 928 1525; x_wconf 72' lang='lat' dir='ltr'><strong>summatim</strong></span> 
     </span>
     <span class='ocr_line' id='line_1_9' title="bbox 83 1544 928 1632; baseline 0.004 -28"><span class='ocrx_word' id='word_1_39' title='bbox 83 1551 226 1631; x_wconf 85' lang='lat' dir='ltr'><strong>tangunt,</strong></span> <span class='ocrx_word' id='word_1_40' title='bbox 257 1550 320 1609; x_wconf 88' lang='lat' dir='ltr'><strong>nes&#39;</strong></span> <span class='ocrx_word' id='word_1_41' title='bbox 337 1555 447 1611; x_wconf 79' lang='lat' dir='ltr'><strong>tamen</strong></span> <span class='ocrx_word' id='word_1_42' title='bbox 470 1545 669 1611; x_wconf 84' lang='lat' dir='ltr'><strong>universum</strong></span> <span class='ocrx_word' id='word_1_43' title='bbox 697 1544 928 1632; x_wconf 74' lang='lat' dir='ltr'><strong>vegetabilium</strong></span> 
     </span>
     <span class='ocr_line' id='line_1_10' title="bbox 82 1627 930 1717; baseline -0.001 -26"><span class='ocrx_word' id='word_1_44' title='bbox 82 1648 217 1714; x_wconf 87' lang='lat' dir='ltr'><strong>regnum</strong></span> <span class='ocrx_word' id='word_1_45' title='bbox 239 1627 515 1716; x_wconf 87' lang='lat' dir='ltr'><strong>complectuntur.</strong></span> <span class='ocrx_word' id='word_1_46' title='bbox 561 1632 664 1713; x_wconf 86' lang='lat' dir='ltr'><strong>Quod</strong></span> <span class='ocrx_word' id='word_1_47' title='bbox 689 1645 793 1717; x_wconf 86' lang='lat' dir='ltr'><strong>quum</strong></span> <span class='ocrx_word' id='word_1_48' title='bbox 818 1630 865 1694; x_wconf 92' lang='lat' dir='ltr'><strong>ita</strong></span> <span class='ocrx_word' id='word_1_49' title='bbox 887 1628 930 1691; x_wconf 87' lang='lat' dir='ltr'><strong>sit</strong></span> 
     </span>
     <span class='ocr_line' id='line_1_11' title="bbox 33 1716 930 1802; baseline -0.003 -25"><span class='ocrx_word' id='word_1_50' title='bbox 33 1740 36 1797; x_wconf 80' lang='grc'>;</span> <span class='ocrx_word' id='word_1_51' title='bbox 82 1733 248 1800; x_wconf 86' lang='lat' dir='ltr'><strong>quumque</strong></span> <span class='ocrx_word' id='word_1_52' title='bbox 270 1726 567 1802; x_wconf 83' lang='lat' dir='ltr'><strong>cryptogamarum</strong></span> <span class='ocrx_word' id='word_1_53' title='bbox 596 1717 736 1781; x_wconf 86' lang='lat' dir='ltr'><strong>historia</strong></span> <span class='ocrx_word' id='word_1_54' title='bbox 763 1737 807 1780; x_wconf 84' lang='lat' dir='ltr'><strong>ex</strong></span> <span class='ocrx_word' id='word_1_55' title='bbox 834 1716 930 1776; x_wconf 88' lang='lat' dir='ltr'><strong>incu-</strong></span> 
     </span>
     <span class='ocr_line' id='line_1_12' title="bbox 62 1798 931 1883; baseline 0 -25"><span class='ocrx_word' id='word_1_56' title='bbox 62 1798 201 1883; x_wconf 71' lang='lat' dir='ltr'><strong>⁴nebulis</strong></span> <span class='ocrx_word' id='word_1_57' title='bbox 222 1800 420 1863; x_wconf 84' lang='lat' dir='ltr'><strong>Linuaeanis</strong></span> <span class='ocrx_word' id='word_1_58' title='bbox 447 1823 593 1883; x_wconf 87' lang='lat' dir='ltr'><strong>egressa,</strong></span> <span class='ocrx_word' id='word_1_59' title='bbox 630 1810 805 1862; x_wconf 90' lang='lat' dir='ltr'><strong>auctorum</strong></span> <span class='ocrx_word' id='word_1_60' title='bbox 832 1817 931 1882; x_wconf 84' lang='lat' dir='ltr'><strong>prae·</strong></span> 
     </span>
     <span class='ocr_line' id='line_1_13' title="bbox 82 1880 930 1948; baseline -0.001 -4"><span class='ocrx_word' id='word_1_61' title='bbox 82 1883 359 1948; x_wconf 82' lang='lat' dir='ltr'><strong>stantissimorum</strong></span> <span class='ocrx_word' id='word_1_62' title='bbox 381 1884 533 1947; x_wconf 85' lang='lat' dir='ltr'><strong>acumine</strong></span> <span class='ocrx_word' id='word_1_63' title='bbox 562 1894 595 1946; x_wconf 86' lang='lat' dir='ltr'><strong>et</strong></span> <span class='ocrx_word' id='word_1_64' title='bbox 622 1880 755 1945; x_wconf 74' lang='lat' dir='ltr'><strong>setania</strong></span> <span class='ocrx_word' id='word_1_65' title='bbox 784 1881 824 1944; x_wconf 86' lang='lat' dir='ltr'><strong>ud</strong></span> <span class='ocrx_word' id='word_1_66' title='bbox 855 1902 876 1943; x_wconf 96' lang='lat' dir='ltr'><strong>o</strong></span> <span class='ocrx_word' id='word_1_67' title='bbox 899 1882 930 1944; x_wconf 89' lang='lat' dir='ltr'><strong>i-</strong></span> 
     </span>
     <span class='ocr_line' id='line_1_14' title="bbox 34 1966 929 2054; baseline -0.003 -21"><span class='ocrx_word' id='word_1_68' title='bbox 34 2036 35 2043; x_wconf 16' lang='lat'><em>*</em></span> <span class='ocrx_word' id='word_1_69' title='bbox 80 1986 165 2042; x_wconf 82' lang='lat' dir='ltr'><strong>mum</strong></span> <span class='ocrx_word' id='word_1_70' title='bbox 193 1968 365 2034; x_wconf 85' lang='lat' dir='ltr'><strong>scientiam</strong></span> <span class='ocrx_word' id='word_1_71' title='bbox 391 1977 500 2032; x_wconf 89' lang='lat' dir='ltr'><strong>evecta</strong></span> <span class='ocrx_word' id='word_1_72' title='bbox 523 1966 662 2053; x_wconf 84' lang='lat' dir='ltr'><strong>quidem</strong></span> <span class='ocrx_word' id='word_1_73' title='bbox 692 1976 724 2030; x_wconf 84' lang='lat' dir='ltr'><strong>et</strong></span> <span class='ocrx_word' id='word_1_74' title='bbox 750 1977 829 2054; x_wconf 87' lang='lat' dir='ltr'><strong>post</strong></span> <span class='ocrx_word' id='word_1_75' title='bbox 903 1971 929 2030; x_wconf 84' lang='lat' dir='ltr'><strong>l-</strong></span> 
     </span>
     <span class='ocr_line' id='line_1_15' title="bbox 81 2051 928 2134; baseline -0.004 -17"><span class='ocrx_word' id='word_1_76' title='bbox 81 2056 205 2134; x_wconf 61' lang='lat' dir='ltr'><strong>unium,</strong></span> <span class='ocrx_word' id='word_1_77' title='bbox 221 2051 739 2118; x_wconf 87' lang='lat' dir='ltr'><strong>restauratoremsolertissimum</strong></span> <span class='ocrx_word' id='word_1_78' title='bbox 748 2062 928 2123; x_wconf 82' lang='lat' dir='ltr'><strong>retractata,</strong></span> 
     </span>
     <span class='ocr_line' id='line_1_16' title="bbox 79 2136 929 2225; baseline -0.004 -24"><span class='ocrx_word' id='word_1_79' title='bbox 79 2140 126 2203; x_wconf 87' lang='lat' dir='ltr'><strong>vcl</strong></span> <span class='ocrx_word' id='word_1_80' title='bbox 148 2137 261 2203; x_wconf 90' lang='lat' dir='ltr'><strong>solum</strong></span> <span class='ocrx_word' id='word_1_81' title='bbox 284 2159 327 2203; x_wconf 85' lang='lat' dir='ltr'><strong>ex</strong></span> <span class='ocrx_word' id='word_1_82' title='bbox 349 2138 507 2225; x_wconf 86' lang='lat' dir='ltr'><strong>operibus</strong></span> <span class='ocrx_word' id='word_1_83' title='bbox 525 2136 708 2224; x_wconf 80' lang='lat' dir='ltr'><strong>majoribus</strong></span> <span class='ocrx_word' id='word_1_84' title='bbox 723 2148 755 2202; x_wconf 91' lang='lat' dir='ltr'><strong>et</strong></span> <span class='ocrx_word' id='word_1_85' title='bbox 774 2137 929 2223; x_wconf 78' lang='lat' dir='ltr'><strong>pretiosis</strong></span> 
     </span>
     <span class='ocr_line' id='line_1_17' title="bbox 77 2222 929 2371; baseline -0.005 -83"><span class='ocrx_word' id='word_1_86' title='bbox 77 2235 187 2371; x_wconf 71' lang='lat' dir='ltr'><strong>patere</strong></span> <span class='ocrx_word' id='word_1_87' title='bbox 208 2245 268 2307; x_wconf 84' lang='lat' dir='ltr'><strong>neq</strong></span> <span class='ocrx_word' id='word_1_88' title='bbox 290 2224 333 2287; x_wconf 94' lang='lat' dir='ltr'><strong>ob</strong></span> <span class='ocrx_word' id='word_1_89' title='bbox 355 2222 591 2288; x_wconf 86' lang='lat' dir='ltr'><strong>methodorum</strong></span> <span class='ocrx_word' id='word_1_90' title='bbox 614 2222 841 2308; x_wconf 82' lang='lat' dir='ltr'><strong>ambiguitates</strong></span> <span class='ocrx_word' id='word_1_91' title='bbox 858 2223 929 2286; x_wconf 87' lang='lat' dir='ltr'><strong>sine</strong></span> 
     </span>
     <span class='ocr_line' id='line_1_18' title="bbox 99 2306 929 2394; baseline -0.001 -22"><span class='ocrx_word' id='word_1_92' title='bbox 99 2307 272 2372; x_wconf 86' lang='lat' dir='ltr'><strong>ifficultete</strong></span> <span class='ocrx_word' id='word_1_93' title='bbox 296 2308 475 2374; x_wconf 85' lang='lat' dir='ltr'><strong>elucescere</strong></span> <span class='ocrx_word' id='word_1_94' title='bbox 497 2308 648 2374; x_wconf 86' lang='lat' dir='ltr'><strong>videatur</strong></span> <span class='ocrx_word' id='word_1_95' title='bbox 678 2306 929 2394; x_wconf 86' lang='lat' dir='ltr'><strong>compararique</strong></span> 
     </span>
     <span class='ocr_line' id='line_1_19' title="bbox 77 2390 929 2480; baseline -0.005 -23"><span class='ocrx_word' id='word_1_96' title='bbox 77 2394 203 2480; x_wconf 73' lang='lat' dir='ltr'><strong>possit,</strong></span> <span class='ocrx_word' id='word_1_97' title='bbox 233 2395 428 2480; x_wconf 76' lang='lat' dir='ltr'><strong>Schrags’us,</strong></span> <span class='ocrx_word' id='word_1_98' title='bbox 457 2393 614 2457; x_wconf 86' lang='lat' dir='ltr'><strong>librarius</strong></span> <span class='ocrx_word' id='word_1_99' title='bbox 643 2390 929 2478; x_wconf 79' lang='lat' dir='ltr'><strong>Norimbergensis</strong></span> 
     </span>
     <span class='ocr_line' id='line_1_20' title="bbox 79 2475 929 2565; baseline -0.005 -22"><span class='ocrx_word' id='word_1_100' title='bbox 79 2478 385 2565; x_wconf 71' lang='lat' dir='ltr'><strong>,experientissimus</strong></span> <span class='ocrx_word' id='word_1_101' title='bbox 408 2501 462 2543; x_wconf 91' lang='lat' dir='ltr'><strong>mc</strong></span> <span class='ocrx_word' id='word_1_102' title='bbox 483 2478 624 2564; x_wconf 83' lang='lat' dir='ltr'><strong>rogavit,</strong></span> <span class='ocrx_word' id='word_1_103' title='bbox 659 2487 699 2541; x_wconf 88' lang='lat' dir='ltr'><strong>ut</strong></span> <span class='ocrx_word' id='word_1_104' title='bbox 720 2477 761 2540; x_wconf 91' lang='lat' dir='ltr'><strong>ad</strong></span> <span class='ocrx_word' id='word_1_105' title='bbox 783 2475 929 2564; x_wconf 87' lang='lat' dir='ltr'><strong>amplifi-</strong></span> 
     </span>
     <span class='ocr_line' id='line_1_21' title="bbox 79 2561 930 2650; baseline -0.005 -23"><span class='ocrx_word' id='word_1_106' title='bbox 79 2565 220 2628; x_wconf 87' lang='lat' dir='ltr'><strong>candum</strong></span> <span class='ocrx_word' id='word_1_107' title='bbox 253 2563 368 2628; x_wconf 86' lang='lat' dir='ltr'><strong>Florae</strong></span> <span class='ocrx_word' id='word_1_108' title='bbox 396 2564 598 2650; x_wconf 84' lang='lat' dir='ltr'><strong>germanicae</strong></span> <span class='ocrx_word' id='word_1_109' title='bbox 635 2561 882 2649; x_wconf 88' lang='lat' dir='ltr'><strong>Compendium</strong></span> <span class='ocrx_word' id='word_1_110' title='bbox 912 2584 930 2623; x_wconf 89' lang='lat' dir='ltr'><strong>a</strong></span> 
     </span>
     <span class='ocr_line' id='line_1_22' title="bbox 54 2638 930 2735; baseline -0.009 -22"><span class='ocrx_word' id='word_1_111' title='bbox 54 2652 207 2734; x_wconf 82' lang='lat' dir='ltr'><strong>&#39;Blasflo</strong></span> <span class='ocrx_word' id='word_1_112' title='bbox 231 2659 263 2714; x_wconf 88' lang='lat' dir='ltr'><strong>et</strong></span> <span class='ocrx_word' id='word_1_113' title='bbox 284 2651 520 2735; x_wconf 68' lang='lat' dir='ltr'><strong>Ft’cgerltutla&#39;o</strong></span> <span class='ocrx_word' id='word_1_114' title='bbox 533 2653 650 2735; x_wconf 78' lang='lat' dir='ltr'><strong>&#39;nuper</strong></span> <span class='ocrx_word' id='word_1_115' title='bbox 666 2638 804 2727; x_wconf 84' lang='lat' dir='ltr'><strong>editum,</strong></span> <span class='ocrx_word' id='word_1_116' title='bbox 827 2647 863 2709; x_wconf 89' lang='lat' dir='ltr'><strong>in</strong></span> <span class='ocrx_word' id='word_1_117' title='bbox 885 2644 930 2706; x_wconf 89' lang='lat' dir='ltr'><strong>si-</strong></span> 
     </span>
     <span class='ocr_line' id='line_1_23' title="bbox 78 2731 992 2822; baseline 0.005 -24"><span class='ocrx_word' id='word_1_118' title='bbox 78 2734 151 2801; x_wconf 88' lang='lat' dir='ltr'><strong>mili</strong></span> <span class='ocrx_word' id='word_1_119' title='bbox 175 2733 336 2822; x_wconf 88' lang='lat' dir='ltr'><strong>cpusculo</strong></span> <span class='ocrx_word' id='word_1_120' title='bbox 359 2734 454 2800; x_wconf 90' lang='lat' dir='ltr'><strong>etad</strong></span> <span class='ocrx_word' id='word_1_121' title='bbox 483 2735 623 2799; x_wconf 88' lang='lat' dir='ltr'><strong>eundem</strong></span> <span class='ocrx_word' id='word_1_122' title='bbox 651 2731 756 2804; x_wconf 80' lang='lat' dir='ltr'><strong>finem</strong></span> <span class='ocrx_word' id='word_1_123' title='bbox 786 2742 942 2818; x_wconf 76' lang='lat' dir='ltr'><strong>exusto,</strong></span> <span class='ocrx_word' id='word_1_124' title='bbox 987 2794 992 2803; x_wconf 89' lang='lat'><em>.</em></span> 
     </span>
    </p>
   </div>
   <div class='ocr_carea' id='block_1_3' title="bbox 292 3044 676 3134">
    <p class='ocr_par' dir='ltr' id='par_1_3' title="bbox 292 3044 676 3134">
     <span class='ocr_line' id='line_1_24' title="bbox 292 3044 676 3134; baseline -0.01 0"><span class='ocrx_word' id='word_1_125' title='bbox 292 3044 676 3134; x_wconf 41' lang='lat' dir='ltr'><strong>aaz„</strong></span> 
     </span>
    </p>
   </div>
   <div class='ocr_carea' id='block_1_4' title="bbox 0 0 1016 3292">
    <p class='ocr_par' dir='ltr' id='par_1_4' title="bbox 0 0 1016 3292">
     <span class='ocr_line' id='line_1_25' title="bbox 0 0 1016 3292; baseline 0 1"><span class='ocrx_word' id='word_1_126' title='bbox 0 0 1016 3292; x_wconf 95' lang='lat' dir='ltr'><strong> </strong></span> 
     </span>
    </p>
   </div>
  </div>
 </body>
</html>
